[<div id="__next"><div class="flex flex-column min-vh-100 shadow-2" data-testid="layout-container" style="transform:none;transition:transform .2s"><span class="bg-secondary w-100 top-0 z-1 sticky" data-pcss-show="true" data-testid="global-header" style="transition:top 0.65s"><a class="o-0 absolute" link-identifier="Generic Name" tabindex="-1"></a><a class="slider skip-main bg-white-90" href="#maincontent" link-identifier="Generic Name">Skip to Main Content</a><header class="flex items-center justify-center pa3 center-hdkp ph4-hdkp pv3-hdkp" data-testid="responsiveHeader"><div class="flex items-center justify-center dn-hdkp" style="transition:opacity .3s"><button aria-expanded="false" aria-hidden="false" aria-label="Menu" class="flex items-center b--none bg-transparent mr3 pa0 pointer h3 w3 no-underline white" data-testid="Menu" type="button"><i aria-hidden="true" class="ld ld-Menu" style="font-size: 1.5rem; vertical-align: -0.25em; width: 24px; height: 24px; box-sizing: content-box;"></i></button><a aria-hidden="false" aria-label="Walmart Homepage" class="gold h3 w3 dn-hdkp" data-automation-id="header-link-walmartLogo" href="/" link-identifier="walmartLogoMobile"><i aria-hidden="true" class="ld ld-Spark" style="font-size:2rem;vertical-align:-0.325em;width:2rem;height:2rem;box-sizing:content-box"></i></a></div><a aria-label="Walmart Homepage" class="header-navigation flex-hdkp items-center no-underline justify-center mr3 pa3 hover-bg-dark-primary hover-bg-navy" href="/" link-identifier="walmartLogoDesktop" style="border-radius:37px;transition:all 100ms cubic-bezier(0.77, 0, 0.175, 1);height:52px;padding:0.5rem;width:52px;margin-right:12px"><img alt="Walmart" class="db" data-automation-id="header-walmartLogo" height="auto" loading="lazy" src="https://i5.walmartimages.com/dfw/ecf648a-237c/k2-_6d66b486-7502-401d-939d-c9c1f6f22e11.v1.png" width="36"/></a><section aria-label="How do you want your items?" class="pr3 dn db-hdkp bg-dark-blue hover-bg-navy white" style="width:314px;height:52px;border-radius:32px;padding-left:10px;padding-right:12px"><div class="white sticky z-3 gic-wrapper gic-wrapper-redesign-top" data-pcss-show="true" data-testid="gic-wrapper" id="gic-wrapper" style="min-height:41px"><hr aria-hidden="true" class="w_8Gn9 banner-divider redesign"/><div data-pcss-hide="true" data-testid="global-intent-center"><div class="flex center items-center f6" id="intent-banner-section" style="height: 52px;"><button aria-expanded="false" class="w_hhLG w_DZvO w_0_LY pa0 no-underline w-100 white hover-white" data-automation-id="fulfillment-banner" tabindex="0" type="button"><div class="flex items-center justify-between w-100"><img alt="" class="br-100 v-btm" height="32" loading="lazy" src="https://i5.walmartimages.com/dfw/4ff9c6c9-ad46/k2-_0a671c38-d307-447c-835e-7904ab143c26.v1.png" style="margin-right: 12px;" width="32"/><div class="items-center content-start items-start flex-auto flex-none-m tl" style="width: 232px;"><span><span class="lh-copy-ns pointer lh-copy fw7 f5"><span class="dn">How do you want your items?</span><span class="">How do you want your items?</span></span></span><div class="lh-title fw4"><div class="items-center fl"><div class="dn dn-m db">10460</div><div class="db-m dn db-m"><div class="flex items-center"><span class="mw-none-m" data-qm-mask="true">Bronx, 10460</span></div></div></div><div class="items-center"><div class="dn dn-m db">07047</div><div class="db-m dn db-m"><div class="flex items-center"><span class="ph1">•</span><span class="mw-none-m truncate">North Bergen Supercenter</span></div></div></div></div></div><div class="" style="width: 28px; height: 28px; border-color: rgb(230, 241, 252); border-radius: 24px; padding-top: 2px;"><i aria-hidden="true" class="ld ld-ChevronDown" style="font-size: 1rem; vertical-align: -0.175em; width: 16px; height: 16px; padding: 3px 0px; color: rgb(230, 241, 252); box-sizing: content-box;"></i></div></div></button></div><div class="" style="left: -32px; top: 16px;"><span class="w_iUH7"></span><section data-testid="global-intent-center-banner"><div aria-label="How do you want your items?" class="br3 br--bottom bg-primary dn pt4 pb3 pt4 ph4" role="dialog" style="line-height: normal;"><div data-focus-lock-disabled="false"><div data-no-autofocus="false"><ul class="flex justify-between bg-primary list ph6 mt0 mb3" style="gap: 20px;"><li class="relative" style="flex: 1 1 0%;"><button aria-label="Shipping" aria-pressed="false" class="flex flex-column items-center sans-serif bg-primary b--none pointer ph0 white" id="intent-id0" type="button"><div class="pa1"><img alt=" " aria-hidden="true" class="v-btm" height="50" loading="lazy" src="https://i5.walmartimages.com/dfw/4ff9c6c9-486e/k2-_4be6f532-b0b2-4480-bb65-d53586e87193.v1.png" width="50"/></div><div class="f6 mt2 b">Shipping</div></button></li><li class="relative" style="flex: 1 1 0%;"><button aria-label="Pickup" aria-pressed="false" class="flex flex-column items-center sans-serif bg-primary b--none pointer ph0 white" id="intent-id1" type="button"><div class="pa1"><img alt=" " aria-hidden="true" class="v-btm" height="50" loading="lazy" src="https://i5.walmartimages.com/dfw/4ff9c6c9-944a/k2-_333618e2-7327-4081-990e-7870dd062248.v1.png" width="50"/></div><div class="f6 mt2 b">Pickup</div></button></li><li class="relative" style="flex: 1 1 0%;"><button aria-label="Delivery" aria-pressed="false" class="flex flex-column items-center sans-serif bg-primary b--none pointer ph0 white" id="intent-id2" type="button"><div class="pa1"><img alt=" " aria-hidden="true" class="v-btm" height="50" loading="lazy" src="https://i5.walmartimages.com/dfw/4ff9c6c9-4637/k2-_c8d39665-dac4-474a-9fb7-ab5feeb647b5.v1.png" width="50"/></div><div class="f6 mt2 b">Delivery</div></button></li></ul><div class=""><div class=""><div class="shadow-1 br3"><div class="bg-white black br3 pa3 mb2"><div class="flex flex-column items-stretch" data-automation-id="fulfillment-address"><div class="bw0 dark-gray sans-serif flex flex-row justify-center items-stretch flex-auto tl ph0"><div class="flex flex-column flex-auto justify-center"><div class="flex"><div class="flex-none"><div class="flex items-center"><img alt="" height="16" loading="lazy" src="https://i5.walmartimages.com/dfw/4ff9c6c9-5249/k2-_71d3c250-050a-40b0-8fd7-c84c1df83204.v1.png" width="16"/></div></div><div class="flex items-start justify-center flex-column ml2"><div class="w_kV33 w_LD4J w_mvVb db lh-title mb1"><div class="f7">Add an address for shipping and delivery</div></div><div class="w_U9_0 w_U0S3 w_QcqU db lh-title"><div class="f7" data-qm-mask="true"> Bronx, NY 10460</div></div></div></div><div class="f7 flex items-center"><button class="w_hhLG w_8nsR w_0_LY pa1 w-100 mt2" type="button">Add address</button></div></div></div></div></div></div><div class="shadow-1 br3"><div class="bg-white black br3 pa3 mb2"><div class="flex flex-column items-stretch" data-automation-id="fulfillment-address"><button class="bw0 dark-gray sans-serif flex flex-row justify-center items-stretch flex-auto tl ph0 pointer bg-white-90"><div class="flex flex-column flex-auto justify-center"><div class="flex"><div class="flex-none"><div class="flex items-center"><img alt="" height="16" loading="lazy" src="https://i5.walmartimages.com/dfw/4ff9c6c9-14f0/k2-_8ce34043-6050-4f39-afb2-3e76a554f8a3.v1.png" width="16"/></div></div><div class="flex items-start justify-center flex-column ml2"><div class="w_kV33 w_LD4J w_mvVb db lh-title mb1"><div class="f7">North Bergen Supercenter</div></div><div class="w_U9_0 w_U0S3 w_QcqU db lh-title"><div class="f7">2100 88TH ST, North Bergen, NJ 07047</div></div></div></div><div class="f7 flex items-center"></div></div><div class="flex items-center"><i aria-hidden="true" class="ld ld-ChevronRight" style="font-size: 1.5rem; vertical-align: -0.25em; width: 1.5rem; height: 1.5rem; box-sizing: content-box;"></i></div></button></div></div></div></div></div><button aria-label="Close, how do you want your items?" class="slider skip-main bg-primary bg-transparent bn lh-solid pa0 tc underline inline-button pointer right-0 skip-btn" type="button"><i aria-hidden="true" class="ld ld-CloseCircleFill white" style="font-size: 1.5rem; vertical-align: -0.25em; width: 1.5rem; height: 1.5rem; box-sizing: content-box;"></i></button><hr aria-hidden="true" class="w_8Gn9 br4 dn-m mt4 mb2 bg-white" style="width: 135px; height: 4px; margin-left: auto; margin-right: auto;"/><div class="dn"></div></div></div></div></section></div><span aria-hidden="true" class="w_iUH7"><div class="flex items-center"><span class="mw-none-m" data-qm-mask="true">Bronx, 10460</span></div><div class="flex items-center"><span class="ph1">•</span><span class="mw-none-m truncate">North Bergen Supercenter</span></div></span><div class="dn" data-testid="gic-dim-body" style="top: 84px;"></div></div></div></section><nav aria-label="Account and Cart"><ul class="flex ma0 pa0 list" style="height:52px"><li class="dn db-hdkp ml3 relative"><a aria-expanded="false" aria-haspopup="true" class="flex items-center no-underline desktop-header-trigger lh-title lh-solid redesign-nav-v2 white hover-bg-navy" href="/my-items" link-identifier="Reorder my items" role="button" style="border-radius:32px;height:52px;transition:all 100ms cubic-bezier(0.77, 0, 0.175, 1)"><i aria-hidden="true" class="ld ld-Heart pr2" style="font-size:1rem;vertical-align:-0.175em;width:16px;height:1rem;box-sizing:content-box"></i><div class="nowrap"><div class="lh-title f6" style="height:20px">Reorder</div><div class="b f5 lh-copy" style="margin-top:-4px">My Items</div></div></a><div class="absolute bg-white br3 br--bottom left-0 lh-copy mt3 shadow-1 z-1 dn" data-testid="my-items-flyout" style="margin-top:16px;left:50%;transform:translateX(-50%)"><div class="ph4 pt4 pb2" data-automation-id="walmart-myitems"><a class="dark-gray db f6 no-underline nowrap desktop-header-flyout-link mb3" data-automation-id="walmart-reorder" href="/my-items" link-identifier="Reorder"><i class="ld ld-Reorder mr2" style="font-size:1rem;vertical-align:-0.175em;width:1rem;height:1rem;box-sizing:content-box"></i>Reorder</a><a class="dark-gray db f6 no-underline nowrap desktop-header-flyout-link mb3" data-automation-id="walmart-list" href="/lists" link-identifier="Lists"><i class="ld ld-Heart mr2" style="font-size:1rem;vertical-align:-0.175em;width:1rem;height:1rem;box-sizing:content-box"></i>Lists</a><a class="dark-gray db f6 no-underline nowrap desktop-header-flyout-link mb3" href="/my-registries" link-identifier="Registries"><i class="ld ld-Gift mr2" style="font-size:1rem;vertical-align:-0.175em;width:1rem;height:1rem;box-sizing:content-box"></i>Registries</a></div></div></li><li class="dn db-hdkp ml2 relative"><a aria-expanded="false" aria-haspopup="true" class="flex items-center no-underline desktop-header-trigger lh-title lh-solid redesign-nav-v2 white hover-bg-navy" href="https://identity.walmart.com/account/login?client_id=5f3fb121-076a-45f6-9587-249f0bc160ff&amp;redirect_uri=https%3A%2F%2Fwww.walmart.com%2Faccount%2FverifyToken&amp;scope=openid+email+offline_access&amp;tenant_id=elh9ie&amp;state=%2Fsearch%3Fq%3Dcheese&amp;code_challenge=16XJ8Ey5o2mqPSfgwu8ktHRwQuQFLkaN9OKW-APqguo" link-identifier="Account" role="button" style="border-radius: 32px; height: 52px; transition: 100ms cubic-bezier(0.77, 0, 0.175, 1);"><i aria-hidden="true" class="ld ld-User" style="font-size: 16px; vertical-align: -0.175em; width: 16px; height: 16px; box-sizing: content-box;"></i><div class="ml2 nowrap" data-automation-id="headerSignIn"><div class="mw3 mw4-hdkp truncate lh-copy f6" style="height: 20px;">Sign In</div><div class="b lh-copy h2 f5" style="margin-top: -4px;">Account</div></div></a><div class="absolute bg-white br3 br--bottom left-0 lh-copy mt3 shadow-1 z-1 dn" data-testid="account-flyout" style="margin-top:16px;left:50%;transform:translateX(-50%)"><div class="pa4"><button class="w_hhLG w_8nsR w_0_LY db mb3 w-100" data-testid="sign-in" type="button">Sign in or create account</button><div class="mb3"><hr aria-hidden="true" class="w_8Gn9"/></div><a class="dark-gray db f6 no-underline nowrap desktop-header-flyout-link" data-automation-id="headerPurchaseHistory" href="/orders" link-identifier="Purchase History"><i class="ld ld-Receipt mr2" style="font-size:1rem;vertical-align:-0.175em;width:1rem;height:1rem;box-sizing:content-box"></i>Purchase History</a><a class="dark-gray db f6 no-underline nowrap desktop-header-flyout-link mt3" href="/plus" link-identifier="Walmart Plus"><img alt="Walmart+" class="mr2 f5" height="16" loading="lazy" src="//i5.walmartimages.com/dfw/63fd9f59-ac39/29c6759d-7f14-49fa-bd3a-b870eb4fb8fb/v1/wplus-icon-blue.svg" style="vertical-align:-0.175em" width="16"/>Walmart+</a></div></div></li><li aria-hidden="false" class="undefined" style="transition:opacity .3s"><div class="relative"><div class="cart-button cart-button-wrapper-redesigned ml2 flex justify-center db-hdkp justify-start-hdkp h-auto-hdkp ml2-hdkp flex-column"><button aria-label="Cart contains 0 items Total Amount $0.00" class="bn bg-transparent br2 flex flex-column items-center pa0 pointer relative sans-serif white hover-bg-dark-primary hover-bg-navy cart-button-redesigned" data-automation-id="cart-button-header" id="cart-button-header" style="border-radius:32px;transition:all 100ms cubic-bezier(0.77, 0, 0.175, 1);height:52px;padding:2px 12px" type="button"><i class="ld ld-Cart mr1 white mb1" style="font-size:1.5rem;vertical-align:-0.25em;width:24px;height:24px;box-sizing:content-box"></i><span class="w_nHwa w_r_kp w_Vhrw w_uS24 absolute cart-badge-redesigned" id="cart-badge" style="padding: 0px 4px;">0</span><span class="db nowrap cart-total redesigned-cart-total">$0.00</span></button></div></div></li></ul></nav></header><div class="flex items-center justify-between bg-near-white-primary header-navigation ph4" data-testid="hearder-navigation" style="height:48px"><div class="flex items-center w-100"><nav aria-label="Primary" class="flex"><ul class="flex flex-row pa0 ma0 list"><li style="padding-right:2px"><section class="dn db-hdkp"><div> <div class="relative"><button aria-expanded="false" aria-haspopup="true" class="flex items-center no-underline desktop-header-trigger lh-title b navy secondary-nav-flyout-trigger redesign-secondary-nav-flyout-button-v2 pointer sans-serif bg-transparent b--none" style="border-radius:100px;height:32px;transition:all 100ms cubic-bezier(0.77, 0, 0.175, 1)" type="button"><i aria-hidden="true" class="ld ld-Grid pr2" style="font-size:1rem;vertical-align:-0.175em;width:1rem;height:1rem;box-sizing:content-box"></i>Departments<i class="ld ld-ChevronDown pl2" style="font-size:1rem;vertical-align:-0.175em;width:1rem;height:1rem;box-sizing:content-box"></i></button><div class="absolute bg-white br3 br--bottom left-0 lh-copy mt3 shadow-1 z-1 dn" data-testid="departments-flyout" style="margin-top: 8px; left: 0px; transform: none; margin-left: 0px; max-height: 578px;"><div></div></div></div> </div></section></li><li style="padding-right:2px"><section class="dn db-hdkp"><div> <div class="relative"><button aria-expanded="false" aria-haspopup="true" class="flex items-center no-underline desktop-header-trigger lh-title b navy secondary-nav-flyout-trigger redesign-secondary-nav-flyout-button-v2 pointer sans-serif bg-transparent b--none" style="border-radius:100px;height:32px;transition:all 100ms cubic-bezier(0.77, 0, 0.175, 1)" type="button"><i aria-hidden="true" class="ld ld-Services pr2" style="font-size:1rem;vertical-align:-0.175em;width:1rem;height:1rem;box-sizing:content-box"></i>Services<i class="ld ld-ChevronDown pl2" style="font-size:1rem;vertical-align:-0.175em;width:1rem;height:1rem;box-sizing:content-box"></i></button><div class="absolute bg-white br3 br--bottom left-0 lh-copy mt3 shadow-1 z-1 dn" data-testid="services-flyout" style="margin-top: 8px; left: 0px; transform: none; margin-left: 0px; max-height: 578px;"><div></div></div></div> </div></section></li></ul></nav><div class="flex ph2 items-center blue mr1 mh1">|</div><section class="flex-auto dn db-m" data-testid="sub-nav-links-container"><nav aria-label="Secondary"><ul class="sub-nav-link-container flex-auto list pa0 ma0 f6 overflow-hidden flex-wrap cg-2" style="height: 20px;"><li><a class="no-underline sub-nav-link white ph2 navy redesign-sub-nav-link-focus flex" href="https://www.walmart.com/cp/pharmacy-delivery/7187181" link-identifier="Pharmacy Delivery">Pharmacy Delivery</a></li><li><a class="no-underline sub-nav-link white ph2 navy redesign-sub-nav-link-focus flex" href="https://www.walmart.com/cp/7689165" link-identifier="New">New</a></li><li><a class="no-underline sub-nav-link white ph2 navy redesign-sub-nav-link-focus flex" href="https://www.walmart.com/cp/easter/1102349" link-identifier="Easter">Easter</a></li><li><a class="no-underline sub-nav-link white ph2 navy redesign-sub-nav-link-focus flex" href="https://www.walmart.com/shop/deals/baby" link-identifier="Baby Days">Baby Days</a></li><li><a class="no-underline sub-nav-link white ph2 navy redesign-sub-nav-link-focus flex" href="https://www.walmart.com/cp/clothing/5438" link-identifier="Fashion">Fashion</a></li><li><a class="no-underline sub-nav-link white ph2 navy redesign-sub-nav-link-focus flex" href="https://www.walmart.com/cp/home/4044" link-identifier="Home">Home</a></li><li><a class="no-underline sub-nav-link white ph2 navy redesign-sub-nav-link-focus flex" href="https://www.walmart.com/cp/electronics/3944" link-identifier="Tech">Tech</a></li><li><a class="no-underline sub-nav-link white ph2 navy redesign-sub-nav-link-focus flex" href="https://www.walmart.com/cp/household-essentials/1115193" link-identifier="Paper &amp; Cleaning">Paper &amp; Cleaning</a></li><li><a class="no-underline sub-nav-link white ph2 navy redesign-sub-nav-link-focus flex" href="https://www.walmart.com/cp/food/976759" link-identifier="Grocery">Grocery</a></li><li><a class="no-underline sub-nav-link white ph2 navy redesign-sub-nav-link-focus flex" href="https://www.walmart.com/cp/gifts-registry/1094765" link-identifier="Registry">Registry</a></li><li><a class="no-underline sub-nav-link white ph2 navy redesign-sub-nav-link-focus flex" href="https://www.walmart.com/cp/3747098?utm_content=WMD-HPG-GBNA" link-identifier="ONE Cash">ONE Cash</a></li><li><a class="no-underline sub-nav-link white ph2 navy redesign-sub-nav-link-focus flex" href="https://www.walmart.com/plus" link-identifier="Walmart+">Walmart+</a></li></ul></nav></section></div></div></span><div aria-hidden="false" class="flex flex-column flex-auto relative z-0"><div class="white sticky z-3 gic-wrapper gic-wrapper-redesign-top layout-gic-wrapper" data-pcss-show="true" data-testid="gic-wrapper" id="gic-wrapper" style="min-height:41px;transition:top 0.65s"><hr aria-hidden="true" class="w_8Gn9 banner-divider redesign"/><div class="items-center flex flex-auto ph3 ph4-m pv1 gic-container redesignv2" data-pcss-hide="true"><div class="flex items-center h3"><img alt="Banner title icon" class="mr2 br-100 v-btm" height="32" loading="lazy" src="https://i5.walmartimages.com/dfwrs/76316474-3850/k2-_c6d4aec7-b4a7-4ea4-9223-07c8daef4fcf.v1.png" width="32"/><span class="b f5">How do you want your items?</span></div></div></div><div class="flex-auto relative z-1" data-testid="main-content-container"><div class="main-content mw1600 center" data-testid="maincontent" id="maincontent"><main data-ads-url="http://swag-wmt.prod.walmart.com/fs?storeSlotBooked=&amp;prg=desktop&amp;limit=40&amp;query=cheese&amp;cat_id=&amp;facet=&amp;page=1&amp;ps=16&amp;min_price=&amp;max_price=&amp;sort=best_match&amp;spelling=true&amp;recall_set=&amp;ptss=&amp;pageType=SearchPage&amp;trsp=&amp;ffAwareSearchOptOut=false&amp;zipcode=10460&amp;stores=3795&amp;stateOrProvinceCode=NY&amp;latitude=40.8407&amp;longitude=-73.8787&amp;extended_zipcode=10460&amp;addressId=&amp;inCatchment=false&amp;multiStoreIds=3520%2C3159%2C5752%2C3562%2C5293%2C5447%2C3420%2C5867&amp;autoOptIn=false&amp;isMoreOptionsTileEnabled=true&amp;isGenAiEnabled=true&amp;rootDimension=&amp;altQuery=&amp;selectedFilter=&amp;isDefaulted=false&amp;customerContext=%7B%22customerId%22%3Anull%2C%22isPaidMember%22%3Afalse%2C%22isActiveMember%22%3Afalse%2C%22purseTags%22%3A%5B%5D%7D&amp;pickupStore=3795&amp;deliveryStore=&amp;subIntentSource=LS&amp;msOn=false&amp;isMosaic=false" data-sis-url="http://preso-usgm-prod.wmt/v2/search?query=cheese&amp;facet=&amp;stores=3795&amp;cat_id=&amp;sort=best_match&amp;page=1&amp;min_price=&amp;max_price=&amp;spelling=true&amp;ptss=&amp;trsp=&amp;isMoreOptionsTileEnabled=true&amp;autoOptIn=false&amp;multiStoreIds=3520%2C3159%2C5752%2C3562%2C5293%2C5447%2C3420%2C5867&amp;prg=desktop&amp;storeSlotBooked=&amp;stateOrProvinceCode=NY&amp;ps=40&amp;zipcode=10460&amp;recall_set=&amp;pageType=SearchPage&amp;inCatchment=false&amp;latitude=40.8407&amp;longitude=-73.8787&amp;extended_zipcode=10460&amp;addressId=&amp;customerContext=%7B%22customerId%22%3Anull%2C%22isPaidMember%22%3Afalse%2C%22isActiveMember%22%3Afalse%2C%22purseTags%22%3A%5B%5D%7D&amp;pickupStore=3795&amp;deliveryStore=&amp;subIntentSource=LS&amp;isDefaulted=false&amp;ffAwareSearchOptOut=false&amp;isGenAiEnabled=true"><div class="flex flex-column h-100" data-testid="flex-container"><div class="h-100 relative"><div class="flex flex-column h-100" data-testid="flex-container"><div class="h-100 relative"><div data-testid="skyline-ad" style="height:55px;margin:1rem 0 0;overflow:hidden"><div class="w_3jM4 pa0" id="SEARCH-SkylineDisplayAd-top-cheese-"><span data-testid="UnfilledAd"></span></div></div> <section><span><div class="pa4-l pa3 mw-xl"><div class="w_al6g"><div class="flex pb3" data-testid="sba-container"><div class="flex pl3 pv3 pl4-m w-50-m w-60 w-50-l flex-column"><div class="relative flex flex-column flex-grow-1 w-85 w-55-l flex-row-l"><a href="https://www.walmart.com/sp/track?bt=1&amp;eventST=click&amp;plmt=sb-search-top~desktop~&amp;pos=1&amp;tax=976759_9176907_1001468_4800400&amp;rdf=1&amp;rd=https%3A%2F%2Fwww.walmart.com%2Fbrand%2Fbreakstones%2F10015707%3FadsRedirect%3Dtrue&amp;adUid=38873017-979a-414b-9d06-04ccc69a97a0&amp;mloc=sb-search-top&amp;pltfm=desktop&amp;pgId=cheese&amp;pt=search&amp;spQs=B-0ORuQ6BMVYu5ErviP0wp_rDzi6R0pB_xrxa6Yh4IfaN_7sdl9qVvpHfBLGiK36YwBt-66jYNACHhNeNiXfZyolru6ct_pGPETDOmHvS2IdGdeC8rwjhK2dxvFpT2FQO-lmiwYXN-qpnyfuFtRmT6UhDKbQkC_q-nSKyNkmzaeRIQ2wlH-fBn1gJPAwwCd8pU1DA2tX4I1uzzqRF8zX2BLcrxslmV3UriZnL-kmipU&amp;storeId=3795&amp;bkt=ace1_default%7Cace2_default%7Cace3_default%7Cbb_11237&amp;addlInfo=~sbaItems%7C10295472%7C10295471~" link-identifier="Generic Name" style="height:90px"><img alt="Breakstone's" class="mw-none mb2" height="90" loading="lazy" src="https://i5.walmartimages.com/dfw/9fa19e5c-11/k2-_39fb905f-ead5-4d80-9de9-8879091582ac.v1.png?odnHeight=90&amp;odnWidth=150&amp;odnBg=FFFFFF" srcset="https://i5.walmartimages.com/dfw/9fa19e5c-11/k2-_39fb905f-ead5-4d80-9de9-8879091582ac.v1.png?odnHeight=90&amp;odnWidth=150&amp;odnBg=FFFFFF 1x, https://i5.walmartimages.com/dfw/9fa19e5c-11/k2-_39fb905f-ead5-4d80-9de9-8879091582ac.v1.png?odnHeight=180&amp;odnWidth=300&amp;odnBg=FFFFFF 2x" width="150"/></a><div class="h-100 mh4-l w-55-l"><a class="no-underline" href="https://www.walmart.com/sp/track?bt=1&amp;eventST=click&amp;plmt=sb-search-top~desktop~&amp;pos=1&amp;tax=976759_9176907_1001468_4800400&amp;rdf=1&amp;rd=https%3A%2F%2Fwww.walmart.com%2Fbrand%2Fbreakstones%2F10015707%3FadsRedirect%3Dtrue&amp;adUid=38873017-979a-414b-9d06-04ccc69a97a0&amp;mloc=sb-search-top&amp;pltfm=desktop&amp;pgId=cheese&amp;pt=search&amp;spQs=B-0ORuQ6BMVYu5ErviP0wp_rDzi6R0pB_xrxa6Yh4IfaN_7sdl9qVvpHfBLGiK36YwBt-66jYNACHhNeNiXfZyolru6ct_pGPETDOmHvS2IdGdeC8rwjhK2dxvFpT2FQO-lmiwYXN-qpnyfuFtRmT6UhDKbQkC_q-nSKyNkmzaeRIQ2wlH-fBn1gJPAwwCd8pU1DA2tX4I1uzzqRF8zX2BLcrxslmV3UriZnL-kmipU&amp;storeId=3795&amp;bkt=ace1_default%7Cace2_default%7Cace3_default%7Cbb_11237&amp;addlInfo=~sbaItems%7C10295472%7C10295471~" link-identifier="Generic Name"><div class="flex flex-column word-break"><span class="dark-gray f3-m f6 word-normal fw7 mt0 lh-copy"><span class="w_V_DM" style="-webkit-line-clamp:2;padding-bottom:0em;margin-bottom:-0em">Expertly crafted for every occasion.</span></span><span class="gray normal f5-m f7 mb2-xl lh-copy"><span class="w_V_DM" style="-webkit-line-clamp:2;padding-bottom:0em;margin-bottom:-0em">Sponsored by Breakstone's</span></span></div></a><div class="bottom-0 z-2 dn db-m absolute"><a href="https://www.walmart.com/sp/track?bt=1&amp;eventST=click&amp;plmt=sb-search-top~desktop~&amp;pos=1&amp;tax=976759_9176907_1001468_4800400&amp;rdf=1&amp;rd=https%3A%2F%2Fwww.walmart.com%2Fbrand%2Fbreakstones%2F10015707%3FadsRedirect%3Dtrue&amp;adUid=38873017-979a-414b-9d06-04ccc69a97a0&amp;mloc=sb-search-top&amp;pltfm=desktop&amp;pgId=cheese&amp;pt=search&amp;spQs=B-0ORuQ6BMVYu5ErviP0wp_rDzi6R0pB_xrxa6Yh4IfaN_7sdl9qVvpHfBLGiK36YwBt-66jYNACHhNeNiXfZyolru6ct_pGPETDOmHvS2IdGdeC8rwjhK2dxvFpT2FQO-lmiwYXN-qpnyfuFtRmT6UhDKbQkC_q-nSKyNkmzaeRIQ2wlH-fBn1gJPAwwCd8pU1DA2tX4I1uzzqRF8zX2BLcrxslmV3UriZnL-kmipU&amp;storeId=3795&amp;bkt=ace1_default%7Cace2_default%7Cace3_default%7Cbb_11237&amp;addlInfo=~sbaItems%7C10295472%7C10295471~" link-identifier="Generic Name"><button class="w_hhLG w_XK4d w_0_LY" type="button">Shop now</button></a></div></div></div></div><div class="pv3 overflow-x-auto w-90-m w-80 w-70-l"><div class="flex flex-row" data-testid="products"><div class="flex-grow-1 ph4 w-20-l w-50-m w-35"><div class="sans-serif mid-gray relative flex flex-column w-100" data-item-id="10295472" role="group"><div class="flex flex-column flex-row-l"><div class="absolute top-0 left-0 w-100 z-1 h-100"><a class="w-100 h-100 z-1 hide-sibling-opacity absolute" href="https://www.walmart.com/sp/track?bt=1&amp;eventST=click&amp;plmt=sb-search-top~desktop~&amp;pos=2&amp;tax=976759_9176907_1001468_4800400&amp;rdf=1&amp;rd=https%3A%2F%2Fwww.walmart.com%2Fip%2FBreakstone-s-Lowfat-Small-Curd-Cottage-Cheese-with-2-Milkfat-24-oz-Tub%2F10295472%3FadsRedirect%3Dtrue&amp;adUid=38873017-979a-414b-9d06-04ccc69a97a0&amp;mloc=sb-search-top&amp;pltfm=desktop&amp;pgId=cheese&amp;pt=search&amp;spQs=ZyhEuexX_ELMoca4rK8QW0VWUD4aBzSmI61ZqLc7a7tn1Bpfr5Kdkgksl0l4GUcXQTOgDustKWRJu-QZQKGpToxTKAOxAr8uXC1SzcjBQSeXhsVN5qNuT1FxVlzBKTH9gpoygBflLVo1hPrr6DWm8HmpAOhlYYWE6nMomYI6U0qK81-_YQ3AcmKJ7XAF_dCYAp6D03HxMhq5f-tfkKDK3zLHGFdKVUQ5yCILIfDw13g&amp;storeId=3795&amp;specificity=broad&amp;specificityScore=0.16032135&amp;couponState=na&amp;bkt=ace1_default%7Cace2_default%7Cace3_default%7Cbb_11237&amp;/ip/Breakstone-s-Lowfat-Small-Curd-Cottage-Cheese-with-2-Milkfat-24-oz-Tub/10295472" link-identifier="10295472" target=""><span class="w_iUH7">Breakstone's Lowfat Small Curd Cottage Cheese with 2% Milkfat, 24 oz Tub  </span></a></div><div class="pr3 relative mb4-m"><img alt="" class="mw-none" height="150" loading="eager" src="https://i5.walmartimages.com/seo/Breakstone-s-Lowfat-Small-Curd-Cottage-Cheese-with-2-Milkfat-24-oz-Tub_372e038c-bf10-43b1-92fa-f0c15996fef8.f490edde8908af4ef293751e16937a9d.jpeg?odnHeight=150&amp;odnWidth=150&amp;odnBg=FFFFFF" width="150"/><div class="z-2 absolute bottom--2 dn db-l mb3 left--1"><div class="relative dib flex-row-reverse" data-id="10295472"><button aria-label="Add to cart - Breakstone's Lowfat Small Curd Cottage Cheese with 2% Milkfat, 24 oz Tub" class="w_hhLG w_8nsR w_jDfj pointer bn sans-serif b ph2 flex items-center justify-center w-auto shadow-1" data-automation-id="add-to-cart" data-pcss-hide="true" type="button"><i class="ld ld-Plus" style="font-size:1.5rem;vertical-align:-0.25em;width:1.5rem;height:1.5rem;box-sizing:content-box" title="add to cart"></i><span class="mr2">Add</span></button></div></div></div><div class="flex flex-column pl4-l"><div class="flex flex-wrap justify-start items-center lh-title" data-automation-id="product-price"><div aria-hidden="true" class="mr1 mr2-xl b black lh-copy f5 f4-l">$3.92</div><span class="w_iUH7">current price $3.92</span></div><span class="f6 f5-m"><span class="w_V_DM" style="-webkit-line-clamp: 3; padding-bottom: 0.1em; margin-bottom: -0.1em;">Breakstone's Lowfat Small Curd Cottage Cheese with 2% Milkfat, 24 oz Tub</span></span><div class="flex items-center mt2"><span class="black inline-flex mr1" data-testid="product-ratings" data-value="4.2"><i aria-hidden="true" class="ld ld-StarFill" style="font-size:12px;vertical-align:-0.175em;width:12px;height:12px;box-sizing:content-box"></i><i aria-hidden="true" class="ld ld-StarFill" style="font-size:12px;vertical-align:-0.175em;width:12px;height:12px;box-sizing:content-box"></i><i aria-hidden="true" class="ld ld-StarFill" style="font-size:12px;vertical-align:-0.175em;width:12px;height:12px;box-sizing:content-box"></i><i aria-hidden="true" class="ld ld-StarFill" style="font-size:12px;vertical-align:-0.175em;width:12px;height:12px;box-sizing:content-box"></i><i aria-hidden="true" class="ld ld-Star" style="font-size:12px;vertical-align:-0.175em;width:12px;height:12px;box-sizing:content-box"></i></span><span aria-hidden="true" class="sans-serif gray f7" data-testid="product-reviews" data-value="268">268</span><span class="w_iUH7">4.2 out of 5 Stars. 268 reviews</span></div><div></div></div></div></div></div><div class="flex-grow-1 ph4 w-20-l w-50-m w-35"><div class="sans-serif mid-gray relative flex flex-column w-100" data-item-id="10295471" role="group"><div class="flex flex-column flex-row-l"><div class="absolute top-0 left-0 w-100 z-1 h-100"><a class="w-100 h-100 z-1 hide-sibling-opacity absolute" href="https://www.walmart.com/sp/track?bt=1&amp;eventST=click&amp;plmt=sb-search-top~desktop~&amp;pos=3&amp;tax=976759_9176907_1001468_4800400&amp;rdf=1&amp;rd=https%3A%2F%2Fwww.walmart.com%2Fip%2FBreakstone-s-Small-Curd-Cottage-Cheese-with-4-Milkfat-24-oz-Tub%2F10295471%3FadsRedirect%3Dtrue&amp;adUid=38873017-979a-414b-9d06-04ccc69a97a0&amp;mloc=sb-search-top&amp;pltfm=desktop&amp;pgId=cheese&amp;pt=search&amp;spQs=Xbl9csL1cSfAco-PtBYewkVWUD4aBzSmI61ZqLc7a7tn1Bpfr5Kdkgksl0l4GUcXQTOgDustKWRJu-QZQKGpToxTKAOxAr8uXC1SzcjBQSeXhsVN5qNuT1FxVlzBKTH9gpoygBflLVo1hPrr6DWm8HmpAOhlYYWE6nMomYI6U0qK81-_YQ3AcmKJ7XAF_dCYAp6D03HxMhq5f-tfkKDK3zLHGFdKVUQ5yCILIfDw13g&amp;storeId=3795&amp;specificity=broad&amp;specificityScore=0.16032135&amp;couponState=na&amp;bkt=ace1_default%7Cace2_default%7Cace3_default%7Cbb_11237&amp;/ip/Breakstone-s-Small-Curd-Cottage-Cheese-with-4-Milkfat-24-oz-Tub/10295471" link-identifier="10295471" target=""><span class="w_iUH7">Breakstone's Small Curd Cottage Cheese with 4% Milkfat, 24 oz Tub  </span></a></div><div class="pr3 relative mb4-m"><img alt="" class="mw-none" height="150" loading="eager" src="https://i5.walmartimages.com/seo/Breakstone-s-Small-Curd-Cottage-Cheese-with-4-Milkfat-24-oz-Tub_b6fbe708-e9bb-450f-9268-81d650e9e6f1.ec88c5ab8b66f2b7f51c38a4815c2454.jpeg?odnHeight=150&amp;odnWidth=150&amp;odnBg=FFFFFF" width="150"/><div class="z-2 absolute bottom--2 dn db-l mb3 left--1"><div class="relative dib flex-row-reverse" data-id="10295471"><button aria-label="Add to cart - Breakstone's Small Curd Cottage Cheese with 4% Milkfat, 24 oz Tub" class="w_hhLG w_8nsR w_jDfj pointer bn sans-serif b ph2 flex items-center justify-center w-auto shadow-1" data-automation-id="add-to-cart" data-pcss-hide="true" type="button"><i class="ld ld-Plus" style="font-size:1.5rem;vertical-align:-0.25em;width:1.5rem;height:1.5rem;box-sizing:content-box" title="add to cart"></i><span class="mr2">Add</span></button></div></div></div><div class="flex flex-column pl4-l"><div class="flex flex-wrap justify-start items-center lh-title" data-automation-id="product-price"><div aria-hidden="true" class="mr1 mr2-xl b black lh-copy f5 f4-l">$3.92</div><span class="w_iUH7">current price $3.92</span></div><span class="f6 f5-m"><span class="w_V_DM" style="-webkit-line-clamp: 3; padding-bottom: 0.1em; margin-bottom: -0.1em;">Breakstone's Small Curd Cottage Cheese with 4% Milkfat, 24 oz Tub</span></span><div class="flex items-center mt2"><span class="black inline-flex mr1" data-testid="product-ratings" data-value="3.8"><i aria-hidden="true" class="ld ld-StarFill" style="font-size:12px;vertical-align:-0.175em;width:12px;height:12px;box-sizing:content-box"></i><i aria-hidden="true" class="ld ld-StarFill" style="font-size:12px;vertical-align:-0.175em;width:12px;height:12px;box-sizing:content-box"></i><i aria-hidden="true" class="ld ld-StarFill" style="font-size:12px;vertical-align:-0.175em;width:12px;height:12px;box-sizing:content-box"></i><i aria-hidden="true" class="ld ld-StarFill" style="font-size:12px;vertical-align:-0.175em;width:12px;height:12px;box-sizing:content-box"></i><i aria-hidden="true" class="ld ld-Star" style="font-size:12px;vertical-align:-0.175em;width:12px;height:12px;box-sizing:content-box"></i></span><span aria-hidden="true" class="sans-serif gray f7" data-testid="product-reviews" data-value="192">192</span><span class="w_iUH7">3.8 out of 5 Stars. 192 reviews</span></div><div></div></div></div></div></div></div></div></div></div></div><hr aria-hidden="true" class="w_8Gn9"/></span></section> <section><section aria-label="Sort and Filter section" class="w-100 flex flex-shrink-0 hidesb hidesb-wk pl3 ph4-xl pv3 relative z-10" style="min-height:64px;overflow-x:auto"><div class="w_J9Nk flex-shrink-0 facet-popover"><div class="flex flex-row flex-shrink-0 items-center br-pill bn bg-near-white mr2" data-testid="filter_chip_fulfillment_method_in_store"><button aria-checked="false" aria-label="Filter by In-store" class="f6 pv2 br-pill bn black sans-serif flex bg-near-white filter-chip-hover-state pointer" role="switch" type="button"><i aria-hidden="true" class="ld ld-Store flex ph2" data-testid="Store-icon" style="font-size:1rem;vertical-align:-0.175em;width:1rem;height:1rem;box-sizing:content-box"></i><span aria-hidden="true" class="flex pointer pr3">In-store</span></button></div><div id="react-aria-:R34ldmiqpa9cujm:"></div></div><div class="w_J9Nk flex-shrink-0 facet-popover"><div class="flex flex-row flex-shrink-0 items-center br-pill bn bg-near-white mr2" data-testid="filter_chip_price"><button aria-expanded="false" aria-label="Filter by Price not applied, activate to change" class="f6 pv2 br-pill bn black sans-serif flex bg-near-white filter-chip-hover-state pointer" type="button"><i aria-hidden="true" class="ld ld-MoneyCircle flex ph2" data-testid="MoneyCircle-icon" style="font-size:1rem;vertical-align:-0.175em;width:1rem;height:1rem;box-sizing:content-box"></i><span aria-hidden="true" class="flex pointer">Price</span><i class="ld ld-ChevronDown mh2" style="font-size:1rem;vertical-align:-0.175em;width:1rem;height:1rem;box-sizing:content-box"></i></button></div><div id="react-aria-:R54ldmiqpa9cujm:"></div></div><div class="w_J9Nk flex-shrink-0 facet-popover"><div class="flex flex-row flex-shrink-0 items-center br-pill bn bg-near-white mr2" data-testid="filter_chip_brand"><button aria-expanded="false" aria-label="Filter by Brand not applied, activate to change" class="f6 pv2 br-pill bn black sans-serif flex bg-near-white filter-chip-hover-state pointer" type="button"><span aria-hidden="true" class="flex pointer pl3">Brand</span><i class="ld ld-ChevronDown mh2" style="font-size:1rem;vertical-align:-0.175em;width:1rem;height:1rem;box-sizing:content-box"></i></button></div><div id="react-aria-:R74ldmiqpa9cujm:"></div></div><div class="w_J9Nk flex-shrink-0 facet-popover"><div class="flex flex-row flex-shrink-0 items-center br-pill bn bg-near-white mr2" data-testid="filter_chip_fulfillment_speed"><button aria-expanded="false" aria-label="Filter by Fulfillment Speed not applied, activate to change" class="f6 pv2 br-pill bn black sans-serif flex bg-near-white filter-chip-hover-state pointer" type="button"><i aria-hidden="true" class="ld ld-Clock flex ph2" data-testid="Clock-icon" style="font-size:1rem;vertical-align:-0.175em;width:1rem;height:1rem;box-sizing:content-box"></i><span aria-hidden="true" class="flex pointer">Fulfillment Speed</span><i class="ld ld-ChevronDown mh2" style="font-size:1rem;vertical-align:-0.175em;width:1rem;height:1rem;box-sizing:content-box"></i></button></div><div id="react-aria-:R94ldmiqpa9cujm:"></div></div><div class="w_J9Nk flex-shrink-0 facet-popover"><div class="flex flex-row flex-shrink-0 items-center br-pill bn bg-near-white" data-testid="filter_chip_subscription_eligible"><span class="w_PkCl w_J7NE" style="display:inline"><button aria-checked="false" aria-label="Filter by Subscription" class="f6 pv2 br-pill bn black sans-serif flex bg-near-white filter-chip-hover-state pointer" role="switch" type="button"><i aria-hidden="true" class="ld ld-Subscription flex ph2" data-testid="Subscription-icon" style="font-size:1rem;vertical-align:-0.175em;width:1rem;height:1rem;box-sizing:content-box"></i><span aria-hidden="true" class="flex pointer pr3">Subscription</span></button></span></div><div id="react-aria-:Rb4ldmiqpa9cujm:"></div></div><div class="flex flex-row items-center ml-auto flex-shrink-0 dark-grey"><span class="b mh2">Sort by</span>|<div class="w_J9Nk flex-shrink-0"><button aria-controls="react-aria-:R7kldmiqpa9cujm:" aria-expanded="false" aria-label="Sort by Best Match" class="bw0 bg-white sans-serif pointer pa1" type="button">Best Match<i arial-hiden="true" class="ld ld-ChevronDown pa0 ml6" role="img" style="font-size:1rem;vertical-align:-0.175em;width:1rem;height:1rem;box-sizing:content-box"></i></button><div id="react-aria-:R7kldmiqpa9cujm:"></div></div></div></section></section><hr aria-hidden="true" class="w_8Gn9"/> <section aria-label="Quick refinements" class="pv3"><div class="flex flex-column justify-center relative" data-testid="horizontal-scroller-chipModule"><a aria-disabled="true" aria-label="Previous slide for chipModule list" class="absolute dn z-5 bg-white br-100 pa0 pointer br-100 nav-control left-1" data-testid="horizontal-scroller-previous" link-identifier="horizontalScrollerPrevious" role="button" tabindex="0"><i class="ld ld-ChevronLeft" style="font-size:1.5rem;vertical-align:-0.25em;padding:12px;width:1.5rem;height:1.5rem;box-sizing:content-box"></i></a><ul class="list ma0 pl0 overflow-x-scroll hidesb hidesb-wk relative overflow-y-hidden pl3 spl3 pl4-xl" data-testid="carousel-container" style="display:flex;grid-auto-flow:column;max-height:fit-content"><li class="flex flex-column items-center" data-slide="0" style="scroll-snap-align: start;"><button class="w_Z4xM w_XOt8 mr2" role="link" type="button">Cheese Rollbacks</button></li><li class="flex flex-column items-center" data-slide="1"><button class="w_Z4xM w_XOt8 mr2" role="link" type="button">Shop All Dairy</button></li><li class="flex flex-column items-center" data-slide="2"><button class="w_Z4xM w_XOt8 mr2" role="link" type="button">Cheese Buying Guide</button></li><li class="flex flex-column items-center" data-slide="3"><button class="w_Z4xM w_XOt8 mr2" role="link" type="button">Shredded Cheese</button></li><li class="flex flex-column items-center" data-slide="4"><button class="w_Z4xM w_XOt8 mr2" role="link" type="button">Sliced Cheese</button></li><li class="flex flex-column items-center" data-slide="5"><button class="w_Z4xM w_XOt8 mr2" role="link" type="button">Cube &amp; String Cheese</button></li><li class="flex flex-column items-center" data-slide="6"><button class="w_Z4xM w_XOt8 mr2" role="link" type="button">Block Cheese</button></li><li class="flex flex-column items-center" data-slide="7"><button class="w_Z4xM w_XOt8 mr2" role="link" type="button">Hispanic Cheese</button></li><li class="flex flex-column items-center" data-slide="8"><button class="w_Z4xM w_XOt8 mr2" role="link" type="button">Specialty Cheese</button></li><li class="flex flex-column items-center" data-slide="9"><button class="w_Z4xM w_XOt8 mr2" role="link" type="button">Crumbled &amp; Parm Cheese</button></li><li class="flex flex-column items-center" data-slide="10" style="scroll-snap-align: start;"><button class="w_Z4xM w_XOt8 mr2" role="link" type="button">Cream Cheese &amp; Spreads</button></li><li class="flex flex-column items-center" data-slide="11"><button class="w_Z4xM w_XOt8 mr2" role="link" type="button">Deli Sliced Cheese</button></li><li class="flex flex-column items-center" data-slide="12"><button class="w_Z4xM w_XOt8 mr2" role="link" type="button">Cottage &amp; Ricotta Cheese</button></li><li class="flex flex-column items-center" data-slide="13"><button class="w_Z4xM w_XOt8 mr2" role="link" type="button">Ready to Melt Cheese</button></li><li class="flex flex-column items-center" data-slide="14"><button class="w_Z4xM w_XOt8 mr2" role="link" type="button">Dairy Free Cheese</button></li><li class="flex flex-column items-center" data-slide="15"><button class="w_Z4xM w_XOt8 mr2 mr4-xl" role="link" type="button">Cheese Making Kit</button></li></ul><a aria-disabled="false" aria-label="Next slide for chipModule list" class="absolute dn z-5 bg-white br-100 pa0 pointer db-l br-100 nav-control right-1 db" data-testid="horizontal-scroller-next" link-identifier="horizontalScrollerNext" role="button" tabindex="0"><i class="ld ld-ChevronRight" style="font-size:1.5rem;vertical-align:-0.25em;padding:12px;width:1.5rem;height:1.5rem;box-sizing:content-box"></i></a></div><div class="dn"><a href="https://www.walmart.com/browse/food/cheese/976759_9176907_1001468?facet=special_offers%3ARollback&amp;povid=976759_9176907_topnavpill_Search_Cheese_CheeseRollbacks_app_4.9.24" link-identifier="Generic Name">Cheese Rollbacks</a><a href="https://www.walmart.com/cp/dairy-eggs/9176907" link-identifier="Generic Name">Shop All Dairy</a><a href="https://www.walmart.com/cp/cheese/1001468?povid=1001468_topnavpill_cheesesearch" link-identifier="Generic Name">Cheese Buying Guide</a><a href="/browse/food/shredded-cheese/976759_9176907_1001468_4800400?povid=976759_9176907_topnavpill_BrowseCheeseShredded_ShreddedCheese_Rweb_10.4.22" link-identifier="Generic Name">Shredded Cheese</a><a href="/browse/food/sliced-cheese/976759_9176907_1001468_9603576?povid=976759_9176907_topnavpill_BrowseSliceCheese_SliceCheese_Rweb_10.4.22" link-identifier="Generic Name">Sliced Cheese</a><a href="/browse/food/cubed-string-cheese/976759_9176907_1001468_1836292?povid=976759_9176907_topnavpill_BrowseCubeStringCheese_CubeStringCheese_Rweb_10.4.22" link-identifier="Generic Name">Cube &amp; String Cheese</a><a href="/browse/food/block-cheese/976759_9176907_1001468_5573012?povid=976759_9176907_topnavpill_BrowseBlockCheese_BlockCheese_Rweb_10.4.22" link-identifier="Generic Name">Block Cheese</a><a href="https://www.walmart.com/browse/food/hispanic-cheese/976759_9176907_1001468_9973175?povid=976759_topnavpill_9176907_cheesebrowsepill_HispanicCheese_Rweb_apr_24" link-identifier="Generic Name">Hispanic Cheese</a><a href="https://www.walmart.com/browse/food/specialty-cheese/976759_9176907_1001468_4851964?povid=976759_9176907_topnavpill_BrowseSpecialtyCheese_SpecialtyCheese_Rweb_10.4.22" link-identifier="Generic Name">Specialty Cheese</a><a href="/browse/food/crumbled-grated-parmesan-cheese/976759_9176907_1001468_6908287?povid=976759_9176907_topnavpill_BrowseCrumbledGratedParmesanCheese_CrumbledGratedParmesanCheese_Rweb_10.4.22" link-identifier="Generic Name">Crumbled &amp; Parm Cheese</a><a href="/browse/food/cream-cheese-mascarpone-spreads/976759_9176907_1001468_7506933?povid=976759_9176907_topnavpill_BrowseCreamCheeseMascarponeSpreads_CreamCheeseMascarponeSpreads_Rweb_10.4.22" link-identifier="Generic Name">Cream Cheese &amp; Spreads</a><a href="https://www.walmart.com/browse/food/deli-sliced-cheese/976759_976789_5428795_3976849" link-identifier="Generic Name">Deli Sliced Cheese</a><a href="/browse/food/cottage-ricotta-cheese/976759_9176907_1001468_2109292?povid=976759_9176907_topnavpill_BrowseRicottaCheese_RicottaCheese_Rweb_10.4.22" link-identifier="Generic Name">Cottage &amp; Ricotta Cheese</a><a href="/browse/food/ready-to-melt-cheese-queso/976759_9176907_1001468_9126504?povid=976759_9176907_topnavpill_BrowseReadytoMeltCheese_ReadytoMeltCheese_Rweb_10.4.22" link-identifier="Generic Name">Ready to Melt Cheese</a><a href="/browse/food/dairy-free-cheese/976759_9176907_1001468_8246165?povid=976759_9176907_topnavpill_BrowseDairyFreeCheese_DairyFreeCheese_Rweb_10.4.22" link-identifier="Generic Name">Dairy Free Cheese</a><a href="/browse/food/cheese-making-kits/976759_9176907_1001468_7281992?povid=976759_9176907_topnavpill_BrowseCheeseMakingKit_CheeseMakingKit_Rweb_10.4.22" link-identifier="Generic Name">Cheese Making Kit</a></div></section><hr aria-hidden="true" class="w_8Gn9"/> <!-- --> <!-- --> </div></div></div><div class="h-100 relative"><div class="flex flex-column h-100" data-testid="flex-container"><div class="h-100 relative"><div class="w-100 relative-m pl4 pr4 flex pt2 search-outer-container bg-white"><div class="fl w-20 dn br b--black-10 flex-grow-0 flex-shrink-0 db-m" data-testid="lhn"><section class="overflow-y-auto overflow-x-hidden" style="position:sticky;top:128px;height:86vh"><div class="pb6 pr3"><section class="expand-collapse-section"><div class="nl3 nr3 relative" data-testid="expand-section-Departments"><div class="ma0 f4"><button aria-expanded="false" class="bg-white bw0 flex items-center justify-between ph3 pointer sans-serif w-100" type="button"><div class="dib b dark-gray f4 lh-copy tl w-100 pv3">Departments</div><i aria-hidden="true" class="ld ld-ChevronDown pa0 black" role="img" style="font-size:1rem;vertical-align:-0.175em;width:1rem;height:1rem;box-sizing:content-box"></i></button></div></div><hr aria-hidden="true" class="w_8Gn9"/></section><section class="expand-collapse-section"><div class="nl3 nr3 relative" data-testid="expand-section-Price"><div class="ma0 f4"><button aria-expanded="false" class="bg-white bw0 flex items-center justify-between ph3 pointer sans-serif w-100" type="button"><div class="dib b dark-gray f4 lh-copy tl w-100 pv3">Price</div><i aria-hidden="true" class="ld ld-ChevronDown pa0 black" role="img" style="font-size:1rem;vertical-align:-0.175em;width:1rem;height:1rem;box-sizing:content-box"></i></button></div></div><hr aria-hidden="true" class="w_8Gn9"/></section><section class="expand-collapse-section"><div class="nl3 nr3 relative" data-testid="expand-section-Brand"><div class="ma0 f4"><button aria-expanded="false" class="bg-white bw0 flex items-center justify-between ph3 pointer sans-serif w-100" type="button"><div class="dib b dark-gray f4 lh-copy tl w-100 pv3">Brand</div><i aria-hidden="true" class="ld ld-ChevronDown pa0 black" role="img" style="font-size:1rem;vertical-align:-0.175em;width:1rem;height:1rem;box-sizing:content-box"></i></button></div></div><hr aria-hidden="true" class="w_8Gn9"/></section><section class="expand-collapse-section"><div class="nl3 nr3 relative" data-testid="expand-section-Fulfillment Speed"><div class="ma0 f4"><button aria-expanded="false" class="bg-white bw0 flex items-center justify-between ph3 pointer sans-serif w-100" type="button"><div class="dib b dark-gray f4 lh-copy tl w-100 pv3">Fulfillment Speed</div><i aria-hidden="true" class="ld ld-ChevronDown pa0 black" role="img" style="font-size:1rem;vertical-align:-0.175em;width:1rem;height:1rem;box-sizing:content-box"></i></button></div></div><hr aria-hidden="true" class="w_8Gn9"/></section><section class="expand-collapse-section"><div class="nl3 nr3 relative" data-testid="expand-section-Subscription"><div class="ma0 f4"><button aria-expanded="false" class="bg-white bw0 flex items-center justify-between ph3 pointer sans-serif w-100" type="button"><div class="dib b dark-gray f4 lh-copy tl w-100 pv3">Subscription</div><i aria-hidden="true" class="ld ld-ChevronDown pa0 black" role="img" style="font-size:1rem;vertical-align:-0.175em;width:1rem;height:1rem;box-sizing:content-box"></i></button></div></div><hr aria-hidden="true" class="w_8Gn9"/></section><section class="expand-collapse-section"><div class="nl3 nr3 relative" data-testid="expand-section-Availability"><div class="ma0 f4"><button aria-expanded="false" class="bg-white bw0 flex items-center justify-between ph3 pointer sans-serif w-100" type="button"><div class="dib b dark-gray f4 lh-copy tl w-100 pv3">Availability</div><i aria-hidden="true" class="ld ld-ChevronDown pa0 black" role="img" style="font-size:1rem;vertical-align:-0.175em;width:1rem;height:1rem;box-sizing:content-box"></i></button></div></div><hr aria-hidden="true" class="w_8Gn9"/></section><section class="expand-collapse-section"><div class="nl3 nr3 relative" data-testid="expand-section-Walmart Cash Offers"><div class="ma0 f4"><button aria-expanded="false" class="bg-white bw0 flex items-center justify-between ph3 pointer sans-serif w-100" type="button"><div class="dib b dark-gray f4 lh-copy tl w-100 pv3">Walmart Cash Offers</div><i aria-hidden="true" class="ld ld-ChevronDown pa0 black" role="img" style="font-size:1rem;vertical-align:-0.175em;width:1rem;height:1rem;box-sizing:content-box"></i></button></div></div><hr aria-hidden="true" class="w_8Gn9"/></section><section class="expand-collapse-section"><div class="nl3 nr3 relative" data-testid="expand-section-Milk Type"><div class="ma0 f4"><button aria-expanded="false" class="bg-white bw0 flex items-center justify-between ph3 pointer sans-serif w-100" type="button"><div class="dib b dark-gray f4 lh-copy tl w-100 pv3">Milk Type</div><i aria-hidden="true" class="ld ld-ChevronDown pa0 black" role="img" style="font-size:1rem;vertical-align:-0.175em;width:1rem;height:1rem;box-sizing:content-box"></i></button></div></div><hr aria-hidden="true" class="w_8Gn9"/></section><section class="expand-collapse-section"><div class="nl3 nr3 relative" data-testid="expand-section-Flavor"><div class="ma0 f4"><button aria-expanded="false" class="bg-white bw0 flex items-center justify-between ph3 pointer sans-serif w-100" type="button"><div class="dib b dark-gray f4 lh-copy tl w-100 pv3">Flavor</div><i aria-hidden="true" class="ld ld-ChevronDown pa0 black" role="img" style="font-size:1rem;vertical-align:-0.175em;width:1rem;height:1rem;box-sizing:content-box"></i></button></div></div><hr aria-hidden="true" class="w_8Gn9"/></section><section class="expand-collapse-section"><div class="nl3 nr3 relative" data-testid="expand-section-Nutritional Content"><div class="ma0 f4"><button aria-expanded="false" class="bg-white bw0 flex items-center justify-between ph3 pointer sans-serif w-100" type="button"><div class="dib b dark-gray f4 lh-copy tl w-100 pv3">Nutritional Content</div><i aria-hidden="true" class="ld ld-ChevronDown pa0 black" role="img" style="font-size:1rem;vertical-align:-0.175em;width:1rem;height:1rem;box-sizing:content-box"></i></button></div></div><hr aria-hidden="true" class="w_8Gn9"/></section><section class="expand-collapse-section"><div class="nl3 nr3 relative" data-testid="expand-section-Special Diet Needs"><div class="ma0 f4"><button aria-expanded="false" class="bg-white bw0 flex items-center justify-between ph3 pointer sans-serif w-100" type="button"><div class="dib b dark-gray f4 lh-copy tl w-100 pv3">Special Diet Needs</div><i aria-hidden="true" class="ld ld-ChevronDown pa0 black" role="img" style="font-size:1rem;vertical-align:-0.175em;width:1rem;height:1rem;box-sizing:content-box"></i></button></div></div><hr aria-hidden="true" class="w_8Gn9"/></section><section class="expand-collapse-section"><div class="nl3 nr3 relative" data-testid="expand-section-Form"><div class="ma0 f4"><button aria-expanded="false" class="bg-white bw0 flex items-center justify-between ph3 pointer sans-serif w-100" type="button"><div class="dib b dark-gray f4 lh-copy tl w-100 pv3">Form</div><i aria-hidden="true" class="ld ld-ChevronDown pa0 black" role="img" style="font-size:1rem;vertical-align:-0.175em;width:1rem;height:1rem;box-sizing:content-box"></i></button></div></div><hr aria-hidden="true" class="w_8Gn9"/></section><section class="expand-collapse-section"><div class="nl3 nr3 relative" data-testid="expand-section-Special Offers"><div class="ma0 f4"><button aria-expanded="false" class="bg-white bw0 flex items-center justify-between ph3 pointer sans-serif w-100" type="button"><div class="dib b dark-gray f4 lh-copy tl w-100 pv3">Special Offers</div><i aria-hidden="true" class="ld ld-ChevronDown pa0 black" role="img" style="font-size:1rem;vertical-align:-0.175em;width:1rem;height:1rem;box-sizing:content-box"></i></button></div></div><hr aria-hidden="true" class="w_8Gn9"/></section><section class="expand-collapse-section"><div class="nl3 nr3 relative" data-testid="expand-section-Customer Rating"><div class="ma0 f4"><button aria-expanded="false" class="bg-white bw0 flex items-center justify-between ph3 pointer sans-serif w-100" type="button"><div class="dib b dark-gray f4 lh-copy tl w-100 pv3">Customer Rating</div><i aria-hidden="true" class="ld ld-ChevronDown pa0 black" role="img" style="font-size:1rem;vertical-align:-0.175em;width:1rem;height:1rem;box-sizing:content-box"></i></button></div></div><hr aria-hidden="true" class="w_8Gn9"/></section><section class="expand-collapse-section"><div class="nl3 nr3 relative" data-testid="expand-section-Retailer"><div class="ma0 f4"><button aria-expanded="false" class="bg-white bw0 flex items-center justify-between ph3 pointer sans-serif w-100" type="button"><div class="dib b dark-gray f4 lh-copy tl w-100 pv3">Retailer</div><i aria-hidden="true" class="ld ld-ChevronDown pa0 black" role="img" style="font-size:1rem;vertical-align:-0.175em;width:1rem;height:1rem;box-sizing:content-box"></i></button></div></div><hr aria-hidden="true" class="w_8Gn9"/></section><section class="expand-collapse-section"><div class="nl3 nr3 relative" data-testid="expand-section-Gifting"><div class="ma0 f4"><button aria-expanded="false" class="bg-white bw0 flex items-center justify-between ph3 pointer sans-serif w-100" type="button"><div class="dib b dark-gray f4 lh-copy tl w-100 pv3">Gifting</div><i aria-hidden="true" class="ld ld-ChevronDown pa0 black" role="img" style="font-size:1rem;vertical-align:-0.175em;width:1rem;height:1rem;box-sizing:content-box"></i></button></div></div><hr aria-hidden="true" class="w_8Gn9"/></section><section class="expand-collapse-section"><div class="nl3 nr3 relative" data-testid="expand-section-Benefit Programs"><div class="ma0 f4"><button aria-expanded="false" class="bg-white bw0 flex items-center justify-between ph3 pointer sans-serif w-100" type="button"><div class="dib b dark-gray f4 lh-copy tl w-100 pv3">Benefit Programs</div><i aria-hidden="true" class="ld ld-ChevronDown pa0 black" role="img" style="font-size:1rem;vertical-align:-0.175em;width:1rem;height:1rem;box-sizing:content-box"></i></button></div></div><hr aria-hidden="true" class="w_8Gn9"/></section></div></section></div><div class="relative w-80"><div class="flex flex-column justify-center" data-stack-index="0" id="0" tabindex="-1"><div class="flex flex-row flex-shrink-0" id="results-container"><div class="flex flex-column"><section style="flex:1"><div><div class=""><div><div class="inline-flex mr1 db mv3 ml3 ml4-xl"><h2 class="f4 f3-m lh-title ma0 di" style="color:undefined">Results for "cheese"<span class="f6 f5-m fw3 ml1 mt1-xl gray normal self-center">(1000+)</span></h2></div></div></div></div></section></div><div></div></div><div class="flex flex-row items-center flex-shrink-0 ml3 ml4-xl"><span class="dark-gray">Uses external data. Price when purchased online</span><button aria-label="legal information" class="w_hhLG w_DZvO w_0_LY bg-white b--none pointer pa0 no-underline h1 ml2" type="button"><i class="ld ld-InfoCircle dark-gray" style="font-size:1rem;vertical-align:-0.175em;width:1rem;height:1rem;box-sizing:content-box"></i></button></div><section><div class="flex flex-wrap w-100 flex-grow-0 flex-shrink-0 ph2 pr0-xl pl4-xl mt0-xl" data-testid="item-stack"><div class="mb0 ph0-xl pt0-xl bb b--near-white w-25 pb3-m ph1"><div class="h-100 pr4-xl pt3" io-id="7624PCBJCVVK" style="contain-intrinsic-size:198px 340px"><div class="sans-serif mid-gray relative flex flex-column w-100 hide-child-opacity" data-item-id="7624PCBJCVVK" role="group"><a class="w-100 h-100 z-1 hide-sibling-opacity absolute" href="https://www.walmart.com/sp/track?bt=1&amp;eventST=click&amp;plmt=sp-search-middle~desktop~&amp;pos=1&amp;tax=976759_9176907_1001468_4800400&amp;rdf=1&amp;rd=https%3A%2F%2Fwww.walmart.com%2Fip%2FPRIMA-DONNA-GOUDA-WEDGE-MATURO-5-3OZ-10-CS%2F5907000512%3FclassType%3DREGULAR%26adsRedirect%3Dtrue&amp;adUid=6637d0d3-798d-45f2-bbf3-e039cb0f7a20&amp;mloc=sp-search-middle&amp;pltfm=desktop&amp;pgId=cheese&amp;pt=search&amp;spQs=X_Yjm4lpbjbWUsALEt0k6t0sJ0TNu5_IRgvzu1goLhvxsAjtQBoYLGE5-V6d79YXAb0YSIrKvPVq-uGWa5pb-JHKrOacVQ9kEZdY9evO3lqqkPH41CKTtbS2Dusd4pvI1grGHdNx-9S083_kIsuHoj6QyVe1colEyReiINbSXzNgT8s80nCz8VxfjlY0RK3UW_t9FXcBoWuBGXLX_pszeZHWAUfZc1ys-9jqLNTtDud6EoSlkm_LeE-ZQuql-Fj1b6fOI22j5pRBlbcoqeNDeP9CW0sfUJZnqA0mzTgxc4I&amp;storeId=3795&amp;specificity=broad&amp;specificityScore=0.16032135&amp;couponState=na&amp;bkt=ace1_default%7Cace2_default%7Cace3_11293%7Cbb_11237%7Ccoldstart_on%7Csearch_Inhouse_ANN_Launch_Web&amp;classType=REGULAR" link-identifier="5907000512" target=""><span class="w_iUH7">Prima Donna® Maturo Aged Gouda Cheese Wedge, 5.3 oz<!-- --> </span></a><div class="" data-testid="list-view"><div class=""><div class=""><div class="relative"><div class="relative overflow-hidden" style="max-width:290px;height:0;padding-bottom:min(290px, 100%);align-self:center;width:min(290px, 100%)"><span><button aria-label="Sign in to add to Favorites list, Prima Donna® Maturo Aged Gouda Cheese Wedge, 5.3 oz" class="bg-white pointer pa0 black bn mt1 mr1 pa1 br4 absolute top-0 right-0 z-2" data-automation-id="heart-item" style="width: 32px; height: 32px;" type="button"><i aria-hidden="true" class="ld ld-Heart" style="font-size: 1.5rem; vertical-align: -0.25em; padding-top: 1px; width: 1.5rem; height: 1.5rem; box-sizing: content-box;"></i></button></span><img alt="Prima Donna® Maturo Aged Gouda Cheese Wedge, 5.3 oz" class="absolute top-0 left-0" data-testid="productTileImage" height="" id="is-0-productImage-0" loading="eager" src="https://i5.walmartimages.com/seo/Prima-Donna-Maturo-Aged-Gouda-Cheese-Wedge-5-3-oz_29dc0170-4581-4f7f-bf16-2352c1a5eb95.28265cccba22c737cade65b0a6fd3753.jpeg?odnHeight=580&amp;odnWidth=580&amp;odnBg=FFFFFF" width=""/></div><div class="z-2 relative mt3"><div class="relative dib flex-row-reverse" data-id="7624PCBJCVVK"><button aria-label="Add to cart - Prima Donna® Maturo Aged Gouda Cheese Wedge, 5.3 oz" class="w_hhLG w_8nsR w_jDfj pointer bn sans-serif b ph2 flex items-center justify-center w-auto shadow-1" data-automation-id="add-to-cart" data-pcss-hide="true" type="button"><i class="ld ld-Plus" style="font-size:1.5rem;vertical-align:-0.25em;width:1.5rem;height:1.5rem;box-sizing:content-box" title="add to cart"></i><span class="mr2">Add</span></button></div></div></div><div class="mt2 mb1" data-testid="variant-7624PCBJCVVK" style="height:24px"><div class="flex items-center lh-title h2-l normal"><div class="gray f7 flex items-center"><div>Sponsored</div><div class="z-2"><button aria-label="Ad disclaimer and feedback" class="w_hhLG w_DZvO w_0_LY pointer pl1 no-underline pt3 pb3" title="Ad disclaimer and feedback" type="button"><i class="ld ld-InfoCircle" style="font-size:1rem;vertical-align:-0.175em;width:1rem;height:1rem;box-sizing:content-box"></i></button></div></div></div></div></div><div class=""><div class="flex flex-wrap justify-start items-center lh-title mb1" data-automation-id="product-price"><div aria-hidden="true" class="mr1 mr2-xl b black lh-solid f5 f4-l"><span class="f3"></span><span class="f6 f5-l" style="vertical-align:0.65ex;margin-right:2px">$</span><span class="f2">5</span><span class="f6 f5-l" style="vertical-align:0.75ex">24</span></div><span class="w_iUH7">current price $5.24</span><div class="gray mr1 f6 f5-l flex items-end mt1">$15.82/lb</div></div><span class="w_V_DM" style="-webkit-line-clamp: 3; padding-bottom: 0.1em; margin-bottom: -0.1em;"><span class="normal dark-gray mb0 mt1 lh-title f6 f5-l lh-copy" data-automation-id="product-title">Prima Donna® Maturo Aged Gouda Cheese Wedge, 5.3 oz</span></span><div class="flex items-center mt2"><div class="w_ExHd w_y6ym mr1"><svg class="w_D5ag w_6H0I w_1jp4" viewbox="0 0 22 22" xmlns="http://www.w3.org/2000/svg"><path d="m13.562 7.028.17.354.387.062 6.226.999c.011.002.029.008.047.034.018.026.03.063.023.106a.133.133 0 0 1-.034.073l-4.476 4.64-.274.284.079.387 1.321 6.467c.009.042 0 .08-.017.109-.018.028-.036.036-.049.04a.04.04 0 0 1-.014 0 .05.05 0 0 1-.017-.006l-5.926-3.032-.341-.175-.342.175-5.926 3.032a.046.046 0 0 1-.02.006c-.004 0-.01 0-.017-.003-.013-.004-.034-.017-.05-.05a.155.155 0 0 1-.01-.096l1.322-6.467.079-.387-.274-.284-4.477-4.64a.136.136 0 0 1-.035-.095c0-.042.014-.075.034-.096a.067.067 0 0 1 .037-.022l6.226-.999.388-.062.17-.354 2.83-5.892c.016-.033.037-.045.05-.05a.045.045 0 0 1 .018-.003c.004 0 .01.002.02.007a.1.1 0 0 1 .04.046l2.832 5.892Z"></path></svg><svg class="w_D5ag w_6H0I w_1jp4" viewbox="0 0 22 22" xmlns="http://www.w3.org/2000/svg"><path d="m13.562 7.028.17.354.387.062 6.226.999c.011.002.029.008.047.034.018.026.03.063.023.106a.133.133 0 0 1-.034.073l-4.476 4.64-.274.284.079.387 1.321 6.467c.009.042 0 .08-.017.109-.018.028-.036.036-.049.04a.04.04 0 0 1-.014 0 .05.05 0 0 1-.017-.006l-5.926-3.032-.341-.175-.342.175-5.926 3.032a.046.046 0 0 1-.02.006c-.004 0-.01 0-.017-.003-.013-.004-.034-.017-.05-.05a.155.155 0 0 1-.01-.096l1.322-6.467.079-.387-.274-.284-4.477-4.64a.136.136 0 0 1-.035-.095c0-.042.014-.075.034-.096a.067.067 0 0 1 .037-.022l6.226-.999.388-.062.17-.354 2.83-5.892c.016-.033.037-.045.05-.05a.045.045 0 0 1 .018-.003c.004 0 .01.002.02.007a.1.1 0 0 1 .04.046l2.832 5.892Z"></path></svg><svg class="w_D5ag w_6H0I w_1jp4" viewbox="0 0 22 22" xmlns="http://www.w3.org/2000/svg"><path d="m13.562 7.028.17.354.387.062 6.226.999c.011.002.029.008.047.034.018.026.03.063.023.106a.133.133 0 0 1-.034.073l-4.476 4.64-.274.284.079.387 1.321 6.467c.009.042 0 .08-.017.109-.018.028-.036.036-.049.04a.04.04 0 0 1-.014 0 .05.05 0 0 1-.017-.006l-5.926-3.032-.341-.175-.342.175-5.926 3.032a.046.046 0 0 1-.02.006c-.004 0-.01 0-.017-.003-.013-.004-.034-.017-.05-.05a.155.155 0 0 1-.01-.096l1.322-6.467.079-.387-.274-.284-4.477-4.64a.136.136 0 0 1-.035-.095c0-.042.014-.075.034-.096a.067.067 0 0 1 .037-.022l6.226-.999.388-.062.17-.354 2.83-5.892c.016-.033.037-.045.05-.05a.045.045 0 0 1 .018-.003c.004 0 .01.002.02.007a.1.1 0 0 1 .04.046l2.832 5.892Z"></path></svg><svg class="w_D5ag w_6H0I w_1jp4" viewbox="0 0 22 22" xmlns="http://www.w3.org/2000/svg"><path d="m13.562 7.028.17.354.387.062 6.226.999c.011.002.029.008.047.034.018.026.03.063.023.106a.133.133 0 0 1-.034.073l-4.476 4.64-.274.284.079.387 1.321 6.467c.009.042 0 .08-.017.109-.018.028-.036.036-.049.04a.04.04 0 0 1-.014 0 .05.05 0 0 1-.017-.006l-5.926-3.032-.341-.175-.342.175-5.926 3.032a.046.046 0 0 1-.02.006c-.004 0-.01 0-.017-.003-.013-.004-.034-.017-.05-.05a.155.155 0 0 1-.01-.096l1.322-6.467.079-.387-.274-.284-4.477-4.64a.136.136 0 0 1-.035-.095c0-.042.014-.075.034-.096a.067.067 0 0 1 .037-.022l6.226-.999.388-.062.17-.354 2.83-5.892c.016-.033.037-.045.05-.05a.045.045 0 0 1 .018-.003c.004 0 .01.002.02.007a.1.1 0 0 1 .04.046l2.832 5.892Z"></path></svg><svg class="w_D5ag w_6H0I w_HGbC" viewbox="0 0 22 22" xmlns="http://www.w3.org/2000/svg"><path class="w_sX0E" d="M11 2.174a.825.825 0 0 0-.74.478L8.375 7.424l-5.662.628a.816.816 0 0 0-.463.247c-.322.34-.32.89.006 1.227l3.494 4.023-1.174 6.039a.905.905 0 0 0 .066.562c.2.43.697.61 1.108.399l5.25-3.5V2.174Z"></path><path class="w_eDrS" d="M11 2.002v15.5M13.895 7.082l.17.354.387.062 6.226.999c.011.001.03.008.047.034.018.026.03.063.023.106a.133.133 0 0 1-.034.073l-4.476 4.64-.274.284.08.387 1.32 6.467a.15.15 0 0 1-.017.109c-.017.027-.036.036-.048.039a.04.04 0 0 1-.015 0 .05.05 0 0 1-.017-.005L11.342 17.6 11 17.424l-.342.175-5.925 3.032a.046.046 0 0 1-.02.006c-.005 0-.01 0-.018-.003-.013-.005-.034-.017-.05-.05a.155.155 0 0 1-.01-.096l1.322-6.467.079-.387-.274-.284-4.477-4.64a.136.136 0 0 1-.035-.096c0-.041.015-.074.035-.095a.067.067 0 0 1 .037-.022l6.226-.999.387-.062.17-.354 2.831-5.892c.016-.033.036-.045.05-.05a.045.045 0 0 1 .017-.003c.004 0 .01.002.02.007a.1.1 0 0 1 .041.046l2.83 5.892Z"></path></svg></div><span aria-hidden="true" class="sans-serif gray f7" data-testid="product-reviews" data-value="48">48</span><span class="w_iUH7">4.4 out of 5 Stars. 48 reviews</span></div><div class="mt2"><img alt="ebt" aria-hidden="true" class="v-mid pb1 mr2" height="20" loading="lazy" src="//i5.walmartimages.com/dfw/63fd9f59-2845/2044d79e-92d5-4c08-90a2-0480444a877f/v1/EBT-Logo.svg" width="30"/><span class="gray f6-l f5-m">EBT eligible</span></div><div></div><div class="mt2" data-automation-id="fulfillment-badge"><div class="f7 flex self-baseline dark-gray"><div>Pickup <span class="b">today</span></div></div></div></div></div></div></div></div></div><div class="mb0 ph0-xl pt0-xl bb b--near-white w-25 pb3-m ph1"><div class="h-100 pr4-xl pt3" io-id="6X7ION20RG6H" style="contain-intrinsic-size:198px 340px"><div class="sans-serif mid-gray relative flex flex-column w-100 hide-child-opacity" data-item-id="6X7ION20RG6H" role="group"><a class="w-100 h-100 z-1 hide-sibling-opacity absolute" href="https://www.walmart.com/sp/track?bt=1&amp;eventST=click&amp;plmt=sp-search-middle~desktop~&amp;pos=2&amp;tax=976759_9176907_1001468_4800400&amp;rdf=1&amp;rd=https%3A%2F%2Fwww.walmart.com%2Fip%2FFormaggio-Cheese-Refrigerated-Marinated-Mozzarella-Balls-in-Pesto-12-oz-Tub%2F2150641380%3FclassType%3DREGULAR%26adsRedirect%3Dtrue&amp;adUid=6637d0d3-798d-45f2-bbf3-e039cb0f7a20&amp;mloc=sp-search-middle&amp;pltfm=desktop&amp;pgId=cheese&amp;pt=search&amp;spQs=po89DZA4ep8srFqDomalmAhXCGu8ug8O_lQY78Yx6-2tdtx0FID492gZ2B-jzivcH6yKfyXdWWB0ufH2hLmwPJHKrOacVQ9kEZdY9evO3lo8ykQiXKKyQ1520vxlLmveJQxJk5GXbGhTGJ7tq6tFVdObYyFPee4cCCGBWOIOzaM9x652MBc81evgJdMVo03kW0yQtNRKRsPp5rt4uxKesJFqf-qBavNj05T1Nq2pNehuz7Dbb20UOTH0NIaeZOxr&amp;storeId=3795&amp;specificity=broad&amp;specificityScore=0.16032135&amp;couponState=na&amp;bkt=ace1_default%7Cace2_default%7Cace3_11293%7Cbb_11237%7Ccoldstart_on%7Csearch_Inhouse_ANN_Launch_Web&amp;classType=REGULAR" link-identifier="2150641380" target=""><span class="w_iUH7">Formaggio Cheese Refrigerated Marinated Mozzarella Balls in Pesto, 12 oz Tub<!-- --> </span></a><div class="" data-testid="list-view"><div class=""><div class=""><div class="relative"><div class="relative overflow-hidden" style="max-width:290px;height:0;padding-bottom:min(290px, 100%);align-self:center;width:min(290px, 100%)"><span><button aria-label="Sign in to add to Favorites list, Formaggio Cheese Refrigerated Marinated Mozzarella Balls in Pesto, 12 oz Tub" class="bg-white pointer pa0 black bn mt1 mr1 pa1 br4 absolute top-0 right-0 z-2" data-automation-id="heart-item" style="width: 32px; height: 32px;" type="button"><i aria-hidden="true" class="ld ld-Heart" style="font-size: 1.5rem; vertical-align: -0.25em; padding-top: 1px; width: 1.5rem; height: 1.5rem; box-sizing: content-box;"></i></button></span><img alt="Formaggio Cheese Refrigerated Marinated Mozzarella Balls in Pesto, 12 oz Tub" class="absolute top-0 left-0" data-testid="productTileImage" height="" id="is-0-productImage-1" loading="eager" src="https://i5.walmartimages.com/seo/Formaggio-Cheese-Refrigerated-Marinated-Mozzarella-Balls-in-Pesto-12-oz-Tub_57756652-6cde-46ee-802f-da57efe30140.3d34d51b6f826db671f92130fc182366.jpeg?odnHeight=580&amp;odnWidth=580&amp;odnBg=FFFFFF" width=""/></div><div class="z-2 relative mt3"><div class="relative dib flex-row-reverse" data-id="6X7ION20RG6H"><button aria-label="Add to cart - Formaggio Cheese Refrigerated Marinated Mozzarella Balls in Pesto, 12 oz Tub" class="w_hhLG w_8nsR w_jDfj pointer bn sans-serif b ph2 flex items-center justify-center w-auto shadow-1" data-automation-id="add-to-cart" data-pcss-hide="true" type="button"><i class="ld ld-Plus" style="font-size:1.5rem;vertical-align:-0.25em;width:1.5rem;height:1.5rem;box-sizing:content-box" title="add to cart"></i><span class="mr2">Add</span></button></div></div></div><div class="mt2 mb1" data-testid="variant-6X7ION20RG6H" style="height:24px"><div class="flex items-center lh-title h2-l normal"><div class="gray f7 flex items-center"><div>Sponsored</div><div class="z-2"><button aria-label="Ad disclaimer and feedback" class="w_hhLG w_DZvO w_0_LY pointer pl1 no-underline pt3 pb3" title="Ad disclaimer and feedback" type="button"><i class="ld ld-InfoCircle" style="font-size:1rem;vertical-align:-0.175em;width:1rem;height:1rem;box-sizing:content-box"></i></button></div></div></div></div></div><div class=""><div class="flex flex-wrap justify-start items-center lh-title mb1" data-automation-id="product-price"><div aria-hidden="true" class="mr1 mr2-xl b black lh-solid f5 f4-l"><span class="f3"></span><span class="f6 f5-l" style="vertical-align:0.65ex;margin-right:2px">$</span><span class="f2">5</span><span class="f6 f5-l" style="vertical-align:0.75ex">98</span></div><span class="w_iUH7">current price $5.98</span><div class="gray mr1 f6 f5-l flex items-end mt1">$7.97/lb</div></div><span class="w_V_DM" style="-webkit-line-clamp: 3; padding-bottom: 0.1em; margin-bottom: -0.1em;"><span class="normal dark-gray mb0 mt1 lh-title f6 f5-l lh-copy" data-automation-id="product-title">Formaggio Cheese Refrigerated Marinated Mozzarella Balls in Pesto, 12 oz Tub</span></span><div class="flex items-center mt2"><div class="w_ExHd w_y6ym mr1"><svg class="w_D5ag w_6H0I w_1jp4" viewbox="0 0 22 22" xmlns="http://www.w3.org/2000/svg"><path d="m13.562 7.028.17.354.387.062 6.226.999c.011.002.029.008.047.034.018.026.03.063.023.106a.133.133 0 0 1-.034.073l-4.476 4.64-.274.284.079.387 1.321 6.467c.009.042 0 .08-.017.109-.018.028-.036.036-.049.04a.04.04 0 0 1-.014 0 .05.05 0 0 1-.017-.006l-5.926-3.032-.341-.175-.342.175-5.926 3.032a.046.046 0 0 1-.02.006c-.004 0-.01 0-.017-.003-.013-.004-.034-.017-.05-.05a.155.155 0 0 1-.01-.096l1.322-6.467.079-.387-.274-.284-4.477-4.64a.136.136 0 0 1-.035-.095c0-.042.014-.075.034-.096a.067.067 0 0 1 .037-.022l6.226-.999.388-.062.17-.354 2.83-5.892c.016-.033.037-.045.05-.05a.045.045 0 0 1 .018-.003c.004 0 .01.002.02.007a.1.1 0 0 1 .04.046l2.832 5.892Z"></path></svg><svg class="w_D5ag w_6H0I w_1jp4" viewbox="0 0 22 22" xmlns="http://www.w3.org/2000/svg"><path d="m13.562 7.028.17.354.387.062 6.226.999c.011.002.029.008.047.034.018.026.03.063.023.106a.133.133 0 0 1-.034.073l-4.476 4.64-.274.284.079.387 1.321 6.467c.009.042 0 .08-.017.109-.018.028-.036.036-.049.04a.04.04 0 0 1-.014 0 .05.05 0 0 1-.017-.006l-5.926-3.032-.341-.175-.342.175-5.926 3.032a.046.046 0 0 1-.02.006c-.004 0-.01 0-.017-.003-.013-.004-.034-.017-.05-.05a.155.155 0 0 1-.01-.096l1.322-6.467.079-.387-.274-.284-4.477-4.64a.136.136 0 0 1-.035-.095c0-.042.014-.075.034-.096a.067.067 0 0 1 .037-.022l6.226-.999.388-.062.17-.354 2.83-5.892c.016-.033.037-.045.05-.05a.045.045 0 0 1 .018-.003c.004 0 .01.002.02.007a.1.1 0 0 1 .04.046l2.832 5.892Z"></path></svg><svg class="w_D5ag w_6H0I w_1jp4" viewbox="0 0 22 22" xmlns="http://www.w3.org/2000/svg"><path d="m13.562 7.028.17.354.387.062 6.226.999c.011.002.029.008.047.034.018.026.03.063.023.106a.133.133 0 0 1-.034.073l-4.476 4.64-.274.284.079.387 1.321 6.467c.009.042 0 .08-.017.109-.018.028-.036.036-.049.04a.04.04 0 0 1-.014 0 .05.05 0 0 1-.017-.006l-5.926-3.032-.341-.175-.342.175-5.926 3.032a.046.046 0 0 1-.02.006c-.004 0-.01 0-.017-.003-.013-.004-.034-.017-.05-.05a.155.155 0 0 1-.01-.096l1.322-6.467.079-.387-.274-.284-4.477-4.64a.136.136 0 0 1-.035-.095c0-.042.014-.075.034-.096a.067.067 0 0 1 .037-.022l6.226-.999.388-.062.17-.354 2.83-5.892c.016-.033.037-.045.05-.05a.045.045 0 0 1 .018-.003c.004 0 .01.002.02.007a.1.1 0 0 1 .04.046l2.832 5.892Z"></path></svg><svg class="w_D5ag w_6H0I w_1jp4" viewbox="0 0 22 22" xmlns="http://www.w3.org/2000/svg"><path d="m13.562 7.028.17.354.387.062 6.226.999c.011.002.029.008.047.034.018.026.03.063.023.106a.133.133 0 0 1-.034.073l-4.476 4.64-.274.284.079.387 1.321 6.467c.009.042 0 .08-.017.109-.018.028-.036.036-.049.04a.04.04 0 0 1-.014 0 .05.05 0 0 1-.017-.006l-5.926-3.032-.341-.175-.342.175-5.926 3.032a.046.046 0 0 1-.02.006c-.004 0-.01 0-.017-.003-.013-.004-.034-.017-.05-.05a.155.155 0 0 1-.01-.096l1.322-6.467.079-.387-.274-.284-4.477-4.64a.136.136 0 0 1-.035-.095c0-.042.014-.075.034-.096a.067.067 0 0 1 .037-.022l6.226-.999.388-.062.17-.354 2.83-5.892c.016-.033.037-.045.05-.05a.045.045 0 0 1 .018-.003c.004 0 .01.002.02.007a.1.1 0 0 1 .04.046l2.832 5.892Z"></path></svg><svg class="w_D5ag w_6H0I w_eDrS" viewbox="0 0 22 22" xmlns="http://www.w3.org/2000/svg"><path d="m13.562 7.028.17.354.387.062 6.226.999c.011.002.029.008.047.034.018.026.03.063.023.106a.133.133 0 0 1-.034.073l-4.476 4.64-.274.284.079.387 1.321 6.467c.009.042 0 .08-.017.109-.018.028-.036.036-.049.04a.04.04 0 0 1-.014 0 .05.05 0 0 1-.017-.006l-5.926-3.032-.341-.175-.342.175-5.926 3.032a.046.046 0 0 1-.02.006c-.004 0-.01 0-.017-.003-.013-.004-.034-.017-.05-.05a.155.155 0 0 1-.01-.096l1.322-6.467.079-.387-.274-.284-4.477-4.64a.136.136 0 0 1-.035-.095c0-.042.014-.075.034-.096a.067.067 0 0 1 .037-.022l6.226-.999.388-.062.17-.354 2.83-5.892c.016-.033.037-.045.05-.05a.045.045 0 0 1 .018-.003c.004 0 .01.002.02.007a.1.1 0 0 1 .04.046l2.832 5.892Z"></path></svg></div><span aria-hidden="true" class="sans-serif gray f7" data-testid="product-reviews" data-value="10">10</span><span class="w_iUH7">3.8 out of 5 Stars. 10 reviews</span></div><div class="mt2"><img alt="ebt" aria-hidden="true" class="v-mid pb1 mr2" height="20" loading="lazy" src="//i5.walmartimages.com/dfw/63fd9f59-2845/2044d79e-92d5-4c08-90a2-0480444a877f/v1/EBT-Logo.svg" width="30"/><span class="gray f6-l f5-m">EBT eligible</span></div><div></div><div class="mt2" data-automation-id="fulfillment-badge"><div class="f7 flex self-baseline dark-gray"><div>Pickup <span class="b">today</span></div></div></div></div></div></div></div></div></div><div class="mb0 ph0-xl pt0-xl bb b--near-white w-25 pb3-m ph1"><div class="h-100 pr4-xl pt3" io-id="6CX6IMACO8FB" style="contain-intrinsic-size:198px 340px"><div class="sans-serif mid-gray relative flex flex-column w-100 hide-child-opacity" data-item-id="6CX6IMACO8FB" role="group"><a class="w-100 h-100 z-1 hide-sibling-opacity absolute" href="https://www.walmart.com/sp/track?bt=1&amp;eventST=click&amp;plmt=sp-search-middle~desktop~&amp;pos=3&amp;tax=976759_9176907_1001468_4800400&amp;rdf=1&amp;rd=https%3A%2F%2Fwww.walmart.com%2Fip%2FLand-O-Lakes-White-American-Cheese-Sliced-Fresh-Plastic-Bag%2F289679400%3FclassType%3DREGULAR%26adsRedirect%3Dtrue&amp;adUid=6637d0d3-798d-45f2-bbf3-e039cb0f7a20&amp;mloc=sp-search-middle&amp;pltfm=desktop&amp;pgId=cheese&amp;pt=search&amp;spQs=8izd_PE1Z2o2EXoDuXJ5DGx-OkUpY-BT9Kp4-1YbiqNhmWrSLeBw4X7tkZ0nkAtrCfUVBio9ciLJ8zkGR1O6RpHKrOacVQ9kEZdY9evO3loVFcA71ckC3zllCdAfdRdoCkfn9nZiYlt_vSseryjagmmThwBFBiOzCljezj05BFpbviBKob2qTlClgkn9kJF9EA-q_C7B-wo0UBD9LUHuyRTS8OLE8IuCB-D1T3ShcwvUbNQcqqoGglTuMh92vLyXZOVKVN7iZqSiPWzY2i5thOqeUkuzemiGjAkJEVPvpWU&amp;storeId=3795&amp;specificity=broad&amp;specificityScore=0.16032135&amp;couponState=na&amp;bkt=ace1_default%7Cace2_default%7Cace3_11293%7Cbb_11237%7Ccoldstart_on%7Csearch_Inhouse_ANN_Launch_Web&amp;classType=REGULAR" link-identifier="289679400" target=""><span class="w_iUH7">Land O Lakes White American Cheese, Sliced (Fresh, Plastic Bag)<!-- --> </span></a><div class="" data-testid="list-view"><div class=""><div class=""><div class="relative"><div class="relative overflow-hidden" style="max-width:290px;height:0;padding-bottom:min(290px, 100%);align-self:center;width:min(290px, 100%)"><span><button aria-label="Sign in to add to Favorites list, Land O Lakes White American Cheese, Sliced (Fresh, Plastic Bag)" class="bg-white pointer pa0 black bn mt1 mr1 pa1 br4 absolute top-0 right-0 z-2" data-automation-id="heart-item" style="width: 32px; height: 32px;" type="button"><i aria-hidden="true" class="ld ld-Heart" style="font-size: 1.5rem; vertical-align: -0.25em; padding-top: 1px; width: 1.5rem; height: 1.5rem; box-sizing: content-box;"></i></button></span><img alt="Land O Lakes White American Cheese, Sliced (Fresh, Plastic Bag)" class="absolute top-0 left-0" data-testid="productTileImage" height="" id="is-0-productImage-2" loading="eager" src="https://i5.walmartimages.com/seo/Land-O-Lakes-White-American-Cheese-Sliced-Fresh-Plastic-Bag_f00fd0f0-6a4c-4161-bafe-01719feee6a2.a6f1148205d2076961f4a2e010d019dd.jpeg?odnHeight=580&amp;odnWidth=580&amp;odnBg=FFFFFF" width=""/></div><div class="z-2 relative mt3"><div class="relative dib flex-row-reverse" data-id="6CX6IMACO8FB"><button aria-label="Add to cart - Land O Lakes White American Cheese, Sliced (Fresh, Plastic Bag)" class="w_hhLG w_8nsR w_jDfj pointer bn sans-serif b ph2 flex items-center justify-center w-auto shadow-1" data-automation-id="add-to-cart" data-pcss-hide="true" type="button"><i class="ld ld-Plus" style="font-size:1.5rem;vertical-align:-0.25em;width:1.5rem;height:1.5rem;box-sizing:content-box" title="add to cart"></i><span class="mr2">Add</span></button></div></div></div><div class="mt2 mb1" data-testid="variant-6CX6IMACO8FB" style="height:24px"><div class="flex items-center lh-title h2-l normal"><div class="gray f7 flex items-center"><div>Sponsored</div><div class="z-2"><button aria-label="Ad disclaimer and feedback" class="w_hhLG w_DZvO w_0_LY pointer pl1 no-underline pt3 pb3" title="Ad disclaimer and feedback" type="button"><i class="ld ld-InfoCircle" style="font-size:1rem;vertical-align:-0.175em;width:1rem;height:1rem;box-sizing:content-box"></i></button></div></div></div></div></div><div class=""><div class="flex flex-wrap justify-start items-center lh-title mb1" data-automation-id="product-price"><div aria-hidden="true" class="mr1 mr2-xl b black lh-solid f5 f4-l"><span class="f3"></span><span class="f6 f5-l" style="vertical-align:0.65ex;margin-right:2px">$</span><span class="f2">3</span><span class="f6 f5-l" style="vertical-align:0.75ex">96</span></div><span class="w_iUH7">current price $3.96</span><div class="gray mr1 f6 f5-l flex items-end mt1">$7.92/lb</div><div class="f7 f6-l gray w-100">Final cost by weight</div></div><span class="w_V_DM" style="-webkit-line-clamp: 3; padding-bottom: 0.1em; margin-bottom: -0.1em;"><span class="normal dark-gray mb0 mt1 lh-title f6 f5-l lh-copy" data-automation-id="product-title">Land O Lakes White American Cheese, Sliced (Fresh, Plastic Bag)</span></span><div class="flex items-center mt2"><div class="w_ExHd w_y6ym mr1"><svg class="w_D5ag w_6H0I w_1jp4" viewbox="0 0 22 22" xmlns="http://www.w3.org/2000/svg"><path d="m13.562 7.028.17.354.387.062 6.226.999c.011.002.029.008.047.034.018.026.03.063.023.106a.133.133 0 0 1-.034.073l-4.476 4.64-.274.284.079.387 1.321 6.467c.009.042 0 .08-.017.109-.018.028-.036.036-.049.04a.04.04 0 0 1-.014 0 .05.05 0 0 1-.017-.006l-5.926-3.032-.341-.175-.342.175-5.926 3.032a.046.046 0 0 1-.02.006c-.004 0-.01 0-.017-.003-.013-.004-.034-.017-.05-.05a.155.155 0 0 1-.01-.096l1.322-6.467.079-.387-.274-.284-4.477-4.64a.136.136 0 0 1-.035-.095c0-.042.014-.075.034-.096a.067.067 0 0 1 .037-.022l6.226-.999.388-.062.17-.354 2.83-5.892c.016-.033.037-.045.05-.05a.045.045 0 0 1 .018-.003c.004 0 .01.002.02.007a.1.1 0 0 1 .04.046l2.832 5.892Z"></path></svg><svg class="w_D5ag w_6H0I w_1jp4" viewbox="0 0 22 22" xmlns="http://www.w3.org/2000/svg"><path d="m13.562 7.028.17.354.387.062 6.226.999c.011.002.029.008.047.034.018.026.03.063.023.106a.133.133 0 0 1-.034.073l-4.476 4.64-.274.284.079.387 1.321 6.467c.009.042 0 .08-.017.109-.018.028-.036.036-.049.04a.04.04 0 0 1-.014 0 .05.05 0 0 1-.017-.006l-5.926-3.032-.341-.175-.342.175-5.926 3.032a.046.046 0 0 1-.02.006c-.004 0-.01 0-.017-.003-.013-.004-.034-.017-.05-.05a.155.155 0 0 1-.01-.096l1.322-6.467.079-.387-.274-.284-4.477-4.64a.136.136 0 0 1-.035-.095c0-.042.014-.075.034-.096a.067.067 0 0 1 .037-.022l6.226-.999.388-.062.17-.354 2.83-5.892c.016-.033.037-.045.05-.05a.045.045 0 0 1 .018-.003c.004 0 .01.002.02.007a.1.1 0 0 1 .04.046l2.832 5.892Z"></path></svg><svg class="w_D5ag w_6H0I w_HGbC" viewbox="0 0 22 22" xmlns="http://www.w3.org/2000/svg"><path class="w_sX0E" d="M11 2.174a.825.825 0 0 0-.74.478L8.375 7.424l-5.662.628a.816.816 0 0 0-.463.247c-.322.34-.32.89.006 1.227l3.494 4.023-1.174 6.039a.905.905 0 0 0 .066.562c.2.43.697.61 1.108.399l5.25-3.5V2.174Z"></path><path class="w_eDrS" d="M11 2.002v15.5M13.895 7.082l.17.354.387.062 6.226.999c.011.001.03.008.047.034.018.026.03.063.023.106a.133.133 0 0 1-.034.073l-4.476 4.64-.274.284.08.387 1.32 6.467a.15.15 0 0 1-.017.109c-.017.027-.036.036-.048.039a.04.04 0 0 1-.015 0 .05.05 0 0 1-.017-.005L11.342 17.6 11 17.424l-.342.175-5.925 3.032a.046.046 0 0 1-.02.006c-.005 0-.01 0-.018-.003-.013-.005-.034-.017-.05-.05a.155.155 0 0 1-.01-.096l1.322-6.467.079-.387-.274-.284-4.477-4.64a.136.136 0 0 1-.035-.096c0-.041.015-.074.035-.095a.067.067 0 0 1 .037-.022l6.226-.999.387-.062.17-.354 2.831-5.892c.016-.033.036-.045.05-.05a.045.045 0 0 1 .017-.003c.004 0 .01.002.02.007a.1.1 0 0 1 .041.046l2.83 5.892Z"></path></svg><svg class="w_D5ag w_6H0I w_eDrS" viewbox="0 0 22 22" xmlns="http://www.w3.org/2000/svg"><path d="m13.562 7.028.17.354.387.062 6.226.999c.011.002.029.008.047.034.018.026.03.063.023.106a.133.133 0 0 1-.034.073l-4.476 4.64-.274.284.079.387 1.321 6.467c.009.042 0 .08-.017.109-.018.028-.036.036-.049.04a.04.04 0 0 1-.014 0 .05.05 0 0 1-.017-.006l-5.926-3.032-.341-.175-.342.175-5.926 3.032a.046.046 0 0 1-.02.006c-.004 0-.01 0-.017-.003-.013-.004-.034-.017-.05-.05a.155.155 0 0 1-.01-.096l1.322-6.467.079-.387-.274-.284-4.477-4.64a.136.136 0 0 1-.035-.095c0-.042.014-.075.034-.096a.067.067 0 0 1 .037-.022l6.226-.999.388-.062.17-.354 2.83-5.892c.016-.033.037-.045.05-.05a.045.045 0 0 1 .018-.003c.004 0 .01.002.02.007a.1.1 0 0 1 .04.046l2.832 5.892Z"></path></svg><svg class="w_D5ag w_6H0I w_eDrS" viewbox="0 0 22 22" xmlns="http://www.w3.org/2000/svg"><path d="m13.562 7.028.17.354.387.062 6.226.999c.011.002.029.008.047.034.018.026.03.063.023.106a.133.133 0 0 1-.034.073l-4.476 4.64-.274.284.079.387 1.321 6.467c.009.042 0 .08-.017.109-.018.028-.036.036-.049.04a.04.04 0 0 1-.014 0 .05.05 0 0 1-.017-.006l-5.926-3.032-.341-.175-.342.175-5.926 3.032a.046.046 0 0 1-.02.006c-.004 0-.01 0-.017-.003-.013-.004-.034-.017-.05-.05a.155.155 0 0 1-.01-.096l1.322-6.467.079-.387-.274-.284-4.477-4.64a.136.136 0 0 1-.035-.095c0-.042.014-.075.034-.096a.067.067 0 0 1 .037-.022l6.226-.999.388-.062.17-.354 2.83-5.892c.016-.033.037-.045.05-.05a.045.045 0 0 1 .018-.003c.004 0 .01.002.02.007a.1.1 0 0 1 .04.046l2.832 5.892Z"></path></svg></div><span aria-hidden="true" class="sans-serif gray f7" data-testid="product-reviews" data-value="227">227</span><span class="w_iUH7">2.6 out of 5 Stars. 227 reviews</span></div><div class="mt2"><img alt="ebt" aria-hidden="true" class="v-mid pb1 mr2" height="20" loading="lazy" src="//i5.walmartimages.com/dfw/63fd9f59-2845/2044d79e-92d5-4c08-90a2-0480444a877f/v1/EBT-Logo.svg" width="30"/><span class="gray f6-l f5-m">EBT eligible</span></div><div></div><div class="mt2" data-automation-id="fulfillment-badge"><div class="f7 flex self-baseline dark-gray"><div>Pickup <span class="b">today</span></div></div></div></div></div></div></div></div></div><div class="mb0 ph0-xl pt0-xl bb b--near-white w-25 pb3-m ph1"><div class="h-100 pr4-xl pt3" io-id="4PBYVC8Y1Y9C" style="contain-intrinsic-size:198px 340px"><div class="sans-serif mid-gray relative flex flex-column w-100 hide-child-opacity" data-item-id="4PBYVC8Y1Y9C" role="group"><a class="w-100 h-100 z-1 hide-sibling-opacity absolute" href="https://www.walmart.com/sp/track?bt=1&amp;eventST=click&amp;plmt=sp-search-middle~desktop~&amp;pos=4&amp;tax=976759_9176907_1001468_4800400&amp;rdf=1&amp;rd=https%3A%2F%2Fwww.walmart.com%2Fip%2FCabot-Creamery-Cracker-Cut-Seriously-Sharp-Cheddar-Cheese-7-oz-Refridgerated-Vacuum-Pack%2F409240140%3FclassType%3DREGULAR%26adsRedirect%3Dtrue&amp;adUid=6637d0d3-798d-45f2-bbf3-e039cb0f7a20&amp;mloc=sp-search-middle&amp;pltfm=desktop&amp;pgId=cheese&amp;pt=search&amp;spQs=8bbZYi4qr72-EqgaFO9TAfpWG_C39_WB1jZw3usKKn-NqZB-P8KVvuo8wHIiHWRlcOpIXloHDhPFq2NM_fuidZHKrOacVQ9kEZdY9evO3lpc_vMTwYHKzGMdsALj_wuU2_1BaKQ1RPDTrz7-MVAdC_VQWK6QupDDnO99PfAatwTmz0cnoQPNwdE7eF72b1NgxDRQmXuGI3HzPSNx_EdB5FaLt_8NTu83DZGEf25Y5WOSd5iE4P8Yr6rCWHhabDSS&amp;storeId=3795&amp;specificity=broad&amp;specificityScore=0.16032135&amp;couponState=na&amp;bkt=ace1_default%7Cace2_default%7Cace3_11293%7Cbb_11237%7Ccoldstart_on%7Csearch_Inhouse_ANN_Launch_Web&amp;classType=REGULAR" link-identifier="409240140" target=""><span class="w_iUH7">Cabot Creamery Seriously Sharp Cheddar Cheese Cracker Cuts 7 oz (Refrigerated Slices)<!-- --> </span></a><div class="" data-testid="list-view"><div class=""><div class=""><div class="relative"><div class="relative overflow-hidden" style="max-width:290px;height:0;padding-bottom:min(290px, 100%);align-self:center;width:min(290px, 100%)"><span><button aria-label="Sign in to add to Favorites list, Cabot Creamery Seriously Sharp Cheddar Cheese Cracker Cuts 7 oz (Refrigerated Slices)" class="bg-white pointer pa0 black bn mt1 mr1 pa1 br4 absolute top-0 right-0 z-2" data-automation-id="heart-item" style="width: 32px; height: 32px;" type="button"><i aria-hidden="true" class="ld ld-Heart" style="font-size: 1.5rem; vertical-align: -0.25em; padding-top: 1px; width: 1.5rem; height: 1.5rem; box-sizing: content-box;"></i></button></span><img alt="Cabot Creamery Seriously Sharp Cheddar Cheese Cracker Cuts 7 oz (Refrigerated Slices)" class="absolute top-0 left-0" data-testid="productTileImage" height="" id="is-0-productImage-3" loading="eager" src="https://i5.walmartimages.com/seo/Cabot-Creamery-Seriously-Sharp-Cheddar-Cheese-Cracker-Cuts-7-oz-Refrigerated-Slices_2ae93c04-e810-4065-bcdf-0d5ffcbd28ee.c7e1c10f46d3f99c1426dceb3ea2f0a6.jpeg?odnHeight=580&amp;odnWidth=580&amp;odnBg=FFFFFF" width=""/></div><div class="z-2 relative mt3"><div class="relative dib flex-row-reverse" data-id="4PBYVC8Y1Y9C"><button aria-label="Add to cart - Cabot Creamery Seriously Sharp Cheddar Cheese Cracker Cuts 7 oz (Refrigerated Slices)" class="w_hhLG w_8nsR w_jDfj pointer bn sans-serif b ph2 flex items-center justify-center w-auto shadow-1" data-automation-id="add-to-cart" data-pcss-hide="true" type="button"><i class="ld ld-Plus" style="font-size:1.5rem;vertical-align:-0.25em;width:1.5rem;height:1.5rem;box-sizing:content-box" title="add to cart"></i><span class="mr2">Add</span></button></div></div></div><div class="mt2 mb1" data-testid="variant-4PBYVC8Y1Y9C" style="height:24px"><div class="flex items-center lh-title h2-l normal"><div class="gray f7 flex items-center"><div>Sponsored</div><div class="z-2"><button aria-label="Ad disclaimer and feedback" class="w_hhLG w_DZvO w_0_LY pointer pl1 no-underline pt3 pb3" title="Ad disclaimer and feedback" type="button"><i class="ld ld-InfoCircle" style="font-size:1rem;vertical-align:-0.175em;width:1rem;height:1rem;box-sizing:content-box"></i></button></div></div></div></div></div><div class=""><div class="flex flex-wrap justify-start items-center lh-title mb1" data-automation-id="product-price"><div aria-hidden="true" class="mr1 mr2-xl b black lh-solid f5 f4-l"><span class="f3"></span><span class="f6 f5-l" style="vertical-align:0.65ex;margin-right:2px">$</span><span class="f2">3</span><span class="f6 f5-l" style="vertical-align:0.75ex">12</span></div><span class="w_iUH7">current price $3.12</span><div class="gray mr1 f6 f5-l flex items-end mt1">$7.13/lb</div></div><span class="w_V_DM" style="-webkit-line-clamp: 3; padding-bottom: 0.1em; margin-bottom: -0.1em;"><span class="normal dark-gray mb0 mt1 lh-title f6 f5-l lh-copy" data-automation-id="product-title">Cabot Creamery Seriously Sharp Cheddar Cheese Cracker Cuts 7 oz (Refrigerated Slices)</span></span><div class="flex items-center mt2"><div class="w_ExHd w_y6ym mr1"><svg class="w_D5ag w_6H0I w_1jp4" viewbox="0 0 22 22" xmlns="http://www.w3.org/2000/svg"><path d="m13.562 7.028.17.354.387.062 6.226.999c.011.002.029.008.047.034.018.026.03.063.023.106a.133.133 0 0 1-.034.073l-4.476 4.64-.274.284.079.387 1.321 6.467c.009.042 0 .08-.017.109-.018.028-.036.036-.049.04a.04.04 0 0 1-.014 0 .05.05 0 0 1-.017-.006l-5.926-3.032-.341-.175-.342.175-5.926 3.032a.046.046 0 0 1-.02.006c-.004 0-.01 0-.017-.003-.013-.004-.034-.017-.05-.05a.155.155 0 0 1-.01-.096l1.322-6.467.079-.387-.274-.284-4.477-4.64a.136.136 0 0 1-.035-.095c0-.042.014-.075.034-.096a.067.067 0 0 1 .037-.022l6.226-.999.388-.062.17-.354 2.83-5.892c.016-.033.037-.045.05-.05a.045.045 0 0 1 .018-.003c.004 0 .01.002.02.007a.1.1 0 0 1 .04.046l2.832 5.892Z"></path></svg><svg class="w_D5ag w_6H0I w_1jp4" viewbox="0 0 22 22" xmlns="http://www.w3.org/2000/svg"><path d="m13.562 7.028.17.354.387.062 6.226.999c.011.002.029.008.047.034.018.026.03.063.023.106a.133.133 0 0 1-.034.073l-4.476 4.64-.274.284.079.387 1.321 6.467c.009.042 0 .08-.017.109-.018.028-.036.036-.049.04a.04.04 0 0 1-.014 0 .05.05 0 0 1-.017-.006l-5.926-3.032-.341-.175-.342.175-5.926 3.032a.046.046 0 0 1-.02.006c-.004 0-.01 0-.017-.003-.013-.004-.034-.017-.05-.05a.155.155 0 0 1-.01-.096l1.322-6.467.079-.387-.274-.284-4.477-4.64a.136.136 0 0 1-.035-.095c0-.042.014-.075.034-.096a.067.067 0 0 1 .037-.022l6.226-.999.388-.062.17-.354 2.83-5.892c.016-.033.037-.045.05-.05a.045.045 0 0 1 .018-.003c.004 0 .01.002.02.007a.1.1 0 0 1 .04.046l2.832 5.892Z"></path></svg><svg class="w_D5ag w_6H0I w_1jp4" viewbox="0 0 22 22" xmlns="http://www.w3.org/2000/svg"><path d="m13.562 7.028.17.354.387.062 6.226.999c.011.002.029.008.047.034.018.026.03.063.023.106a.133.133 0 0 1-.034.073l-4.476 4.64-.274.284.079.387 1.321 6.467c.009.042 0 .08-.017.109-.018.028-.036.036-.049.04a.04.04 0 0 1-.014 0 .05.05 0 0 1-.017-.006l-5.926-3.032-.341-.175-.342.175-5.926 3.032a.046.046 0 0 1-.02.006c-.004 0-.01 0-.017-.003-.013-.004-.034-.017-.05-.05a.155.155 0 0 1-.01-.096l1.322-6.467.079-.387-.274-.284-4.477-4.64a.136.136 0 0 1-.035-.095c0-.042.014-.075.034-.096a.067.067 0 0 1 .037-.022l6.226-.999.388-.062.17-.354 2.83-5.892c.016-.033.037-.045.05-.05a.045.045 0 0 1 .018-.003c.004 0 .01.002.02.007a.1.1 0 0 1 .04.046l2.832 5.892Z"></path></svg><svg class="w_D5ag w_6H0I w_eDrS" viewbox="0 0 22 22" xmlns="http://www.w3.org/2000/svg"><path d="m13.562 7.028.17.354.387.062 6.226.999c.011.002.029.008.047.034.018.026.03.063.023.106a.133.133 0 0 1-.034.073l-4.476 4.64-.274.284.079.387 1.321 6.467c.009.042 0 .08-.017.109-.018.028-.036.036-.049.04a.04.04 0 0 1-.014 0 .05.05 0 0 1-.017-.006l-5.926-3.032-.341-.175-.342.175-5.926 3.032a.046.046 0 0 1-.02.006c-.004 0-.01 0-.017-.003-.013-.004-.034-.017-.05-.05a.155.155 0 0 1-.01-.096l1.322-6.467.079-.387-.274-.284-4.477-4.64a.136.136 0 0 1-.035-.095c0-.042.014-.075.034-.096a.067.067 0 0 1 .037-.022l6.226-.999.388-.062.17-.354 2.83-5.892c.016-.033.037-.045.05-.05a.045.045 0 0 1 .018-.003c.004 0 .01.002.02.007a.1.1 0 0 1 .04.046l2.832 5.892Z"></path></svg><svg class="w_D5ag w_6H0I w_eDrS" viewbox="0 0 22 22" xmlns="http://www.w3.org/2000/svg"><path d="m13.562 7.028.17.354.387.062 6.226.999c.011.002.029.008.047.034.018.026.03.063.023.106a.133.133 0 0 1-.034.073l-4.476 4.64-.274.284.079.387 1.321 6.467c.009.042 0 .08-.017.109-.018.028-.036.036-.049.04a.04.04 0 0 1-.014 0 .05.05 0 0 1-.017-.006l-5.926-3.032-.341-.175-.342.175-5.926 3.032a.046.046 0 0 1-.02.006c-.004 0-.01 0-.017-.003-.013-.004-.034-.017-.05-.05a.155.155 0 0 1-.01-.096l1.322-6.467.079-.387-.274-.284-4.477-4.64a.136.136 0 0 1-.035-.095c0-.042.014-.075.034-.096a.067.067 0 0 1 .037-.022l6.226-.999.388-.062.17-.354 2.83-5.892c.016-.033.037-.045.05-.05a.045.045 0 0 1 .018-.003c.004 0 .01.002.02.007a.1.1 0 0 1 .04.046l2.832 5.892Z"></path></svg></div><span aria-hidden="true" class="sans-serif gray f7" data-testid="product-reviews" data-value="17">17</span><span class="w_iUH7">3.2 out of 5 Stars. 17 reviews</span></div><div class="mt2"><img alt="ebt" aria-hidden="true" class="v-mid pb1 mr2" height="20" loading="lazy" src="//i5.walmartimages.com/dfw/63fd9f59-2845/2044d79e-92d5-4c08-90a2-0480444a877f/v1/EBT-Logo.svg" width="30"/><span class="gray f6-l f5-m">EBT eligible</span></div><div></div><div class="mt2" data-automation-id="fulfillment-badge"><div class="f7 flex self-baseline dark-gray"><div>Pickup <span class="b">today</span></div></div></div></div></div></div></div></div></div><div class="mb0 ph0-xl pt0-xl bb b--near-white w-25 pb3-m ph1"><div class="h-100 pr4-xl pt3" io-id="36GYH1U9V803" style="contain-intrinsic-size:198px 340px"><div class="sans-serif mid-gray relative flex flex-column w-100 hide-child-opacity" data-item-id="36GYH1U9V803" role="group"><a class="w-100 h-100 z-1 hide-sibling-opacity absolute" href="/ip/Great-Value-Finely-Shredded-Fiesta-Blend-Cheese-32-oz-Bag/10452468?classType=REGULAR&amp;athbdg=L1300&amp;from=/search" link-identifier="10452468" target=""><span class="w_iUH7">Great Value Finely Shredded Fiesta Blend Cheese, 32 oz Bag<!-- --> </span></a><div class="" data-testid="list-view"><div class=""><div class=""><div class="h2 relative nowrap mb1"><span class="w_VbBP w_WKt3 w_U23Z tag-leading-badge absolute" style="background:#DE1C24;color:#FFFFFF;border-radius:4px;font-weight:700">Rollback</span></div><div class="relative"><div class="relative overflow-hidden" style="max-width:290px;height:0;padding-bottom:min(290px, 100%);align-self:center;width:min(290px, 100%)"><span><button aria-label="Sign in to add to Favorites list, Great Value Finely Shredded Fiesta Blend Cheese, 32 oz Bag" class="bg-white pointer pa0 black bn mt1 mr1 pa1 br4 absolute top-0 right-0 z-2" data-automation-id="heart-item" style="width: 32px; height: 32px;" type="button"><i aria-hidden="true" class="ld ld-Heart" style="font-size: 1.5rem; vertical-align: -0.25em; padding-top: 1px; width: 1.5rem; height: 1.5rem; box-sizing: content-box;"></i></button></span><img alt="Great Value Finely Shredded Fiesta Blend Cheese, 32 oz Bag" class="absolute top-0 left-0" data-testid="productTileImage" height="" id="is-0-productImage-4" loading="lazy" src="https://i5.walmartimages.com/seo/Great-Value-Finely-Shredded-Fiesta-Blend-Cheese-32-oz-Bag_c86a6ab7-5bba-40e1-a973-5440d577a718.6eac4ee870aeb1731a9e7f91e5149ae7.jpeg?odnHeight=580&amp;odnWidth=580&amp;odnBg=FFFFFF" srcset="https://i5.walmartimages.com/seo/Great-Value-Finely-Shredded-Fiesta-Blend-Cheese-32-oz-Bag_c86a6ab7-5bba-40e1-a973-5440d577a718.6eac4ee870aeb1731a9e7f91e5149ae7.jpeg?odnHeight=290&amp;odnWidth=290&amp;odnBg=FFFFFF 1x, https://i5.walmartimages.com/seo/Great-Value-Finely-Shredded-Fiesta-Blend-Cheese-32-oz-Bag_c86a6ab7-5bba-40e1-a973-5440d577a718.6eac4ee870aeb1731a9e7f91e5149ae7.jpeg?odnHeight=580&amp;odnWidth=580&amp;odnBg=FFFFFF 2x" width=""/></div><div class="z-2 relative mt3"><div class="relative dib flex-row-reverse" data-id="36GYH1U9V803"><button aria-label="Add to cart - Great Value Finely Shredded Fiesta Blend Cheese, 32 oz Bag" class="w_hhLG w_8nsR w_jDfj pointer bn sans-serif b ph2 flex items-center justify-center w-auto shadow-1" data-automation-id="add-to-cart" data-pcss-hide="true" type="button"><i class="ld ld-Plus" style="font-size:1.5rem;vertical-align:-0.25em;width:1.5rem;height:1.5rem;box-sizing:content-box" title="add to cart"></i><span class="mr2">Add</span></button></div></div></div><div class="mt3"></div></div><div class=""><div class="flex flex-wrap justify-start items-center lh-title mb1" data-automation-id="product-price"><div aria-hidden="true" class="mr1 mr2-xl b black green lh-solid f5 f4-l"><span class="f3 mr1">Now</span><span class="f6 f5-l" style="vertical-align:0.65ex;margin-right:2px">$</span><span class="f2">7</span><span class="f6 f5-l" style="vertical-align:0.75ex">38</span></div><span class="w_iUH7">current price Now $7.38</span><div aria-hidden="true" class="gray mr1 strike f6 f4-l flex items-end mt1">$8.24</div><span class="w_iUH7">Was $8.24</span><div class="gray mr1 f6 f5-l flex items-end mt1">$3.69/lb</div></div><span class="w_V_DM" style="-webkit-line-clamp: 3; padding-bottom: 0.1em; margin-bottom: -0.1em;"><span class="normal dark-gray mb0 mt1 lh-title f6 f5-l lh-copy" data-automation-id="product-title">Great Value Finely Shredded Fiesta Blend Cheese, 32 oz Bag</span></span><div class="mt2"><img alt="ebt" aria-hidden="true" class="v-mid pb1 mr2" height="20" loading="lazy" src="//i5.walmartimages.com/dfw/63fd9f59-2845/2044d79e-92d5-4c08-90a2-0480444a877f/v1/EBT-Logo.svg" width="30"/><span class="gray f6-l f5-m">EBT eligible</span></div><div></div><div class="mt2" data-automation-id="fulfillment-badge"><div class="f7 flex self-baseline dark-gray"><div>Pickup <span class="b">today</span></div></div></div></div></div></div></div></div></div><div class="mb0 ph0-xl pt0-xl bb b--near-white w-25 pb3-m ph1"><div class="h-100 pr4-xl pt3" io-id="2P4RXF5XCII8" style="contain-intrinsic-size:198px 340px"><div class="sans-serif mid-gray relative flex flex-column w-100 hide-child-opacity" data-item-id="2P4RXF5XCII8" role="group"><a class="w-100 h-100 z-1 hide-sibling-opacity absolute" href="/ip/Great-Value-Finely-Shredded-Fiesta-Blend-Cheese-8-Oz/10452562?classType=REGULAR&amp;athbdg=L1300&amp;from=/search" link-identifier="10452562" target=""><span class="w_iUH7">Great Value Finely Shredded Fiesta Blend Cheese, 8 oz<!-- --> </span></a><div class="" data-testid="list-view"><div class=""><div class=""><div class="h2 relative nowrap mb1"><span class="w_VbBP w_WKt3 w_U23Z tag-leading-badge absolute" style="background:#DE1C24;color:#FFFFFF;border-radius:4px;font-weight:700">Rollback</span></div><div class="relative"><div class="relative overflow-hidden" style="max-width:290px;height:0;padding-bottom:min(290px, 100%);align-self:center;width:min(290px, 100%)"><span><button aria-label="Sign in to add to Favorites list, Great Value Finely Shredded Fiesta Blend Cheese, 8 oz" class="bg-white pointer pa0 black bn mt1 mr1 pa1 br4 absolute top-0 right-0 z-2" data-automation-id="heart-item" style="width: 32px; height: 32px;" type="button"><i aria-hidden="true" class="ld ld-Heart" style="font-size: 1.5rem; vertical-align: -0.25em; padding-top: 1px; width: 1.5rem; height: 1.5rem; box-sizing: content-box;"></i></button></span><img alt="Great Value Finely Shredded Fiesta Blend Cheese, 8 oz" class="absolute top-0 left-0" data-testid="productTileImage" height="" id="is-0-productImage-5" loading="lazy" src="https://i5.walmartimages.com/seo/Great-Value-Finely-Shredded-Fiesta-Blend-Cheese-8-oz_5127b37a-3b27-42a9-8d3a-b971b90881bd.f935534052cc2f7792b8c3d017b0d5ce.jpeg?odnHeight=580&amp;odnWidth=580&amp;odnBg=FFFFFF" srcset="https://i5.walmartimages.com/seo/Great-Value-Finely-Shredded-Fiesta-Blend-Cheese-8-oz_5127b37a-3b27-42a9-8d3a-b971b90881bd.f935534052cc2f7792b8c3d017b0d5ce.jpeg?odnHeight=290&amp;odnWidth=290&amp;odnBg=FFFFFF 1x, https://i5.walmartimages.com/seo/Great-Value-Finely-Shredded-Fiesta-Blend-Cheese-8-oz_5127b37a-3b27-42a9-8d3a-b971b90881bd.f935534052cc2f7792b8c3d017b0d5ce.jpeg?odnHeight=580&amp;odnWidth=580&amp;odnBg=FFFFFF 2x" width=""/></div><div class="z-2 relative mt3"><div class="relative dib flex-row-reverse" data-id="2P4RXF5XCII8"><button aria-label="Add to cart - Great Value Finely Shredded Fiesta Blend Cheese, 8 oz" class="w_hhLG w_8nsR w_jDfj pointer bn sans-serif b ph2 flex items-center justify-center w-auto shadow-1" data-automation-id="add-to-cart" data-pcss-hide="true" type="button"><i class="ld ld-Plus" style="font-size:1.5rem;vertical-align:-0.25em;width:1.5rem;height:1.5rem;box-sizing:content-box" title="add to cart"></i><span class="mr2">Add</span></button></div></div></div><div class="mt3"></div></div><div class=""><div class="flex flex-wrap justify-start items-center lh-title mb1" data-automation-id="product-price"><div aria-hidden="true" class="mr1 mr2-xl b black green lh-solid f5 f4-l"><span class="f3 mr1">Now</span><span class="f6 f5-l" style="vertical-align:0.65ex;margin-right:2px">$</span><span class="f2">1</span><span class="f6 f5-l" style="vertical-align:0.75ex">97</span></div><span class="w_iUH7">current price Now $1.97</span><div aria-hidden="true" class="gray mr1 strike f6 f4-l flex items-end mt1">$2.24</div><span class="w_iUH7">Was $2.24</span><div class="gray mr1 f6 f5-l flex items-end mt1">$3.94/lb</div></div><span class="w_V_DM" style="-webkit-line-clamp: 3; padding-bottom: 0.1em; margin-bottom: -0.1em;"><span class="normal dark-gray mb0 mt1 lh-title f6 f5-l lh-copy" data-automation-id="product-title">Great Value Finely Shredded Fiesta Blend Cheese, 8 oz</span></span><div class="mt2"><img alt="ebt" aria-hidden="true" class="v-mid pb1 mr2" height="20" loading="lazy" src="//i5.walmartimages.com/dfw/63fd9f59-2845/2044d79e-92d5-4c08-90a2-0480444a877f/v1/EBT-Logo.svg" width="30"/><span class="gray f6-l f5-m">EBT eligible</span></div><div></div><div class="mt2" data-automation-id="fulfillment-badge"><div class="f7 flex self-baseline dark-gray"><div>Pickup <span class="b">today</span></div></div></div></div></div></div></div></div></div><div class="mb0 ph0-xl pt0-xl bb b--near-white w-25 pb3-m ph1"><div class="h-100 pr4-xl pt3" io-id="1SHTFK1S36B2" style="contain-intrinsic-size:198px 340px"><div class="sans-serif mid-gray relative flex flex-column w-100 hide-child-opacity" data-item-id="1SHTFK1S36B2" role="group"><a class="w-100 h-100 z-1 hide-sibling-opacity absolute" href="/ip/Great-Value-Finely-Shredded-Colby-Jack-Cheese-8-oz/10452564?classType=REGULAR&amp;athbdg=L1300&amp;from=/search" link-identifier="10452564" target=""><span class="w_iUH7">Great Value Finely Shredded Colby Jack Cheese, 8 oz<!-- --> </span></a><div class="" data-testid="list-view"><div class=""><div class=""><div class="h2 relative nowrap mb1"><span class="w_VbBP w_WKt3 w_U23Z tag-leading-badge absolute" style="background:#DE1C24;color:#FFFFFF;border-radius:4px;font-weight:700">Rollback</span></div><div class="relative"><div class="relative overflow-hidden" style="max-width:290px;height:0;padding-bottom:min(290px, 100%);align-self:center;width:min(290px, 100%)"><span><button aria-label="Sign in to add to Favorites list, Great Value Finely Shredded Colby Jack Cheese, 8 oz" class="bg-white pointer pa0 black bn mt1 mr1 pa1 br4 absolute top-0 right-0 z-2" data-automation-id="heart-item" style="width: 32px; height: 32px;" type="button"><i aria-hidden="true" class="ld ld-Heart" style="font-size: 1.5rem; vertical-align: -0.25em; padding-top: 1px; width: 1.5rem; height: 1.5rem; box-sizing: content-box;"></i></button></span><img alt="Great Value Finely Shredded Colby Jack Cheese, 8 oz" class="absolute top-0 left-0" data-testid="productTileImage" height="" id="is-0-productImage-6" loading="lazy" src="https://i5.walmartimages.com/seo/Great-Value-Finely-Shredded-Colby-Jack-Cheese-8-oz_a5ff6ef3-cb13-4fa7-9647-a8f4f50ed199.9c310685168c5c481885dbfcbe925301.jpeg?odnHeight=580&amp;odnWidth=580&amp;odnBg=FFFFFF" srcset="https://i5.walmartimages.com/seo/Great-Value-Finely-Shredded-Colby-Jack-Cheese-8-oz_a5ff6ef3-cb13-4fa7-9647-a8f4f50ed199.9c310685168c5c481885dbfcbe925301.jpeg?odnHeight=290&amp;odnWidth=290&amp;odnBg=FFFFFF 1x, https://i5.walmartimages.com/seo/Great-Value-Finely-Shredded-Colby-Jack-Cheese-8-oz_a5ff6ef3-cb13-4fa7-9647-a8f4f50ed199.9c310685168c5c481885dbfcbe925301.jpeg?odnHeight=580&amp;odnWidth=580&amp;odnBg=FFFFFF 2x" width=""/></div><div class="z-2 relative mt3"><div class="relative dib flex-row-reverse" data-id="1SHTFK1S36B2"><button aria-label="Add to cart - Great Value Finely Shredded Colby Jack Cheese, 8 oz" class="w_hhLG w_8nsR w_jDfj pointer bn sans-serif b ph2 flex items-center justify-center w-auto shadow-1" data-automation-id="add-to-cart" data-pcss-hide="true" type="button"><i class="ld ld-Plus" style="font-size:1.5rem;vertical-align:-0.25em;width:1.5rem;height:1.5rem;box-sizing:content-box" title="add to cart"></i><span class="mr2">Add</span></button></div></div></div><div class="mt3"></div></div><div class=""><div class="flex flex-wrap justify-start items-center lh-title mb1" data-automation-id="product-price"><div aria-hidden="true" class="mr1 mr2-xl b black green lh-solid f5 f4-l"><span class="f3 mr1">Now</span><span class="f6 f5-l" style="vertical-align:0.65ex;margin-right:2px">$</span><span class="f2">1</span><span class="f6 f5-l" style="vertical-align:0.75ex">97</span></div><span class="w_iUH7">current price Now $1.97</span><div aria-hidden="true" class="gray mr1 strike f6 f4-l flex items-end mt1">$2.24</div><span class="w_iUH7">Was $2.24</span><div class="gray mr1 f6 f5-l flex items-end mt1">$3.94/lb</div></div><span class="w_V_DM" style="-webkit-line-clamp: 3; padding-bottom: 0.1em; margin-bottom: -0.1em;"><span class="normal dark-gray mb0 mt1 lh-title f6 f5-l lh-copy" data-automation-id="product-title">Great Value Finely Shredded Colby Jack Cheese, 8 oz</span></span><div class="mt2"><img alt="ebt" aria-hidden="true" class="v-mid pb1 mr2" height="20" loading="lazy" src="//i5.walmartimages.com/dfw/63fd9f59-2845/2044d79e-92d5-4c08-90a2-0480444a877f/v1/EBT-Logo.svg" width="30"/><span class="gray f6-l f5-m">EBT eligible</span></div><div></div><div class="mt2" data-automation-id="fulfillment-badge"><div class="f7 flex self-baseline dark-gray"><div>Pickup <span class="b">today</span></div></div></div></div></div></div></div></div></div><div class="mb0 ph0-xl pt0-xl bb b--near-white w-25 pb3-m ph1"><div class="h-100 pr4-xl pt3" io-id="6903T7MTF5B4" style="contain-intrinsic-size:198px 340px"><div class="sans-serif mid-gray relative flex flex-column w-100 hide-child-opacity" data-item-id="6903T7MTF5B4" role="group"><a class="w-100 h-100 z-1 hide-sibling-opacity absolute" href="/ip/Kraft-Singles-American-Cheese-Slices-24-count/10452905?classType=REGULAR&amp;athbdg=L1600&amp;from=/search" link-identifier="10452905" target=""><span class="w_iUH7">Kraft Singles American Cheese Slices, 24 Ct Pk<!-- --> </span></a><div class="" data-testid="list-view"><div class=""><div class=""><div class="h2 relative nowrap mb1"><span class="w_VbBP w_mFV6 w_I_19 w_3oNC w_AAn7 tag-leading-badge absolute" style="background:#E6F1FC;color:#004F9A;border-radius:4px;font-weight:700">Best seller</span></div><div class="relative"><div class="relative overflow-hidden" style="max-width:290px;height:0;padding-bottom:min(290px, 100%);align-self:center;width:min(290px, 100%)"><span><button aria-label="Sign in to add to Favorites list, Kraft Singles American Cheese Slices, 24 Ct Pk" class="bg-white pointer pa0 black bn mt1 mr1 pa1 br4 absolute top-0 right-0 z-2" data-automation-id="heart-item" style="width: 32px; height: 32px;" type="button"><i aria-hidden="true" class="ld ld-Heart" style="font-size: 1.5rem; vertical-align: -0.25em; padding-top: 1px; width: 1.5rem; height: 1.5rem; box-sizing: content-box;"></i></button></span><img alt="Kraft Singles American Cheese Slices, 24 Ct Pk" class="absolute top-0 left-0" data-testid="productTileImage" height="" id="is-0-productImage-7" loading="lazy" src="https://i5.walmartimages.com/seo/Kraft-Singles-American-Cheese-Slices-24-Ct-Pk_fabca33f-f113-4c4d-9411-ef367a25aab0.a57331d93dba222943e1e0241cdffb36.jpeg?odnHeight=580&amp;odnWidth=580&amp;odnBg=FFFFFF" srcset="https://i5.walmartimages.com/seo/Kraft-Singles-American-Cheese-Slices-24-Ct-Pk_fabca33f-f113-4c4d-9411-ef367a25aab0.a57331d93dba222943e1e0241cdffb36.jpeg?odnHeight=290&amp;odnWidth=290&amp;odnBg=FFFFFF 1x, https://i5.walmartimages.com/seo/Kraft-Singles-American-Cheese-Slices-24-Ct-Pk_fabca33f-f113-4c4d-9411-ef367a25aab0.a57331d93dba222943e1e0241cdffb36.jpeg?odnHeight=580&amp;odnWidth=580&amp;odnBg=FFFFFF 2x" width=""/></div><div class="z-2 relative mt3"><div class="relative dib flex-row-reverse" data-id="6903T7MTF5B4"><button aria-label="Add to cart - Kraft Singles American Cheese Slices, 24 Ct Pk" class="w_hhLG w_8nsR w_jDfj pointer bn sans-serif b ph2 flex items-center justify-center w-auto shadow-1" data-automation-id="add-to-cart" data-pcss-hide="true" type="button"><i class="ld ld-Plus" style="font-size:1.5rem;vertical-align:-0.25em;width:1.5rem;height:1.5rem;box-sizing:content-box" title="add to cart"></i><span class="mr2">Add</span></button></div></div></div><div class="mt3"></div></div><div class=""><div class="flex flex-wrap justify-start items-center lh-title mb1" data-automation-id="product-price"><div aria-hidden="true" class="mr1 mr2-xl b black lh-solid f5 f4-l"><span class="f3"></span><span class="f6 f5-l" style="vertical-align:0.65ex;margin-right:2px">$</span><span class="f2">4</span><span class="f6 f5-l" style="vertical-align:0.75ex">86</span></div><span class="w_iUH7">current price $4.86</span><div class="gray mr1 f6 f5-l flex items-end mt1">$4.86/lb</div></div><span class="w_V_DM" style="-webkit-line-clamp: 3; padding-bottom: 0.1em; margin-bottom: -0.1em;"><span class="normal dark-gray mb0 mt1 lh-title f6 f5-l lh-copy" data-automation-id="product-title">Kraft Singles American Cheese Slices, 24 Ct Pk</span></span><div class="mt2"><img alt="ebt" aria-hidden="true" class="v-mid pb1 mr2" height="20" loading="lazy" src="//i5.walmartimages.com/dfw/63fd9f59-2845/2044d79e-92d5-4c08-90a2-0480444a877f/v1/EBT-Logo.svg" width="30"/><span class="gray f6-l f5-m">EBT eligible</span></div><div></div><div class="mt2" data-automation-id="fulfillment-badge"><div class="f7 flex self-baseline dark-gray"><div>Pickup <span class="b">today</span></div></div></div></div></div></div></div></div></div><div class="w-100"><div class="w-100 dn-m db-l"><div class="w_3jM4 pa0" data-testid="search-video-in-grid"><span data-rendered="false" data-testid="lazy-render"></span></div></div></div><div class="mb0 ph0-xl pt0-xl bb b--near-white w-25 pb3-m ph1"><div class="h-100 pr4-xl pt3" io-id="2ERRRWY8NNKA" style="contain-intrinsic-size:198px 340px"><div class="sans-serif mid-gray relative flex flex-column w-100 hide-child-opacity" data-item-id="2ERRRWY8NNKA" role="group"><a class="w-100 h-100 z-1 hide-sibling-opacity absolute" href="/ip/Great-Value-Finely-Shredded-Low-Moisture-Part-Skim-Mozzarella-Cheese-8-oz-Bag/10452371?classType=REGULAR&amp;athbdg=L1300&amp;from=/search" link-identifier="10452371" target=""><span class="w_iUH7">Great Value Finely Shredded Low-Moisture Part-Skim Mozzarella Cheese, 8 oz Bag<!-- --> </span></a><div class="" data-testid="list-view"><div class=""><div class=""><div class="h2 relative nowrap mb1"><span class="w_VbBP w_WKt3 w_U23Z tag-leading-badge absolute" style="background:#DE1C24;color:#FFFFFF;border-radius:4px;font-weight:700">Rollback</span></div><div class="relative"><div class="relative overflow-hidden" style="max-width:290px;height:0;padding-bottom:min(290px, 100%);align-self:center;width:min(290px, 100%)"><span><button aria-label="Sign in to add to Favorites list, Great Value Finely Shredded Low-Moisture Part-Skim Mozzarella Cheese, 8 oz Bag" class="bg-white pointer pa0 black bn mt1 mr1 pa1 br4 absolute top-0 right-0 z-2" data-automation-id="heart-item" style="width: 32px; height: 32px;" type="button"><i aria-hidden="true" class="ld ld-Heart" style="font-size: 1.5rem; vertical-align: -0.25em; padding-top: 1px; width: 1.5rem; height: 1.5rem; box-sizing: content-box;"></i></button></span><img alt="Great Value Finely Shredded Low-Moisture Part-Skim Mozzarella Cheese, 8 oz Bag" class="absolute top-0 left-0" data-testid="productTileImage" height="" id="is-0-productImage-9" loading="lazy" src="https://i5.walmartimages.com/seo/Great-Value-Finely-Shredded-Low-Moisture-Part-Skim-Mozzarella-Cheese-8-oz-Bag_44660dd0-9402-4b99-89a7-effe4448d607.6804cfbc9e4e8abe7d4b5fd5ffc3c34b.jpeg?odnHeight=580&amp;odnWidth=580&amp;odnBg=FFFFFF" srcset="https://i5.walmartimages.com/seo/Great-Value-Finely-Shredded-Low-Moisture-Part-Skim-Mozzarella-Cheese-8-oz-Bag_44660dd0-9402-4b99-89a7-effe4448d607.6804cfbc9e4e8abe7d4b5fd5ffc3c34b.jpeg?odnHeight=290&amp;odnWidth=290&amp;odnBg=FFFFFF 1x, https://i5.walmartimages.com/seo/Great-Value-Finely-Shredded-Low-Moisture-Part-Skim-Mozzarella-Cheese-8-oz-Bag_44660dd0-9402-4b99-89a7-effe4448d607.6804cfbc9e4e8abe7d4b5fd5ffc3c34b.jpeg?odnHeight=580&amp;odnWidth=580&amp;odnBg=FFFFFF 2x" width=""/></div><div class="z-2 relative mt3"><div class="relative dib flex-row-reverse" data-id="2ERRRWY8NNKA"><button aria-label="Add to cart - Great Value Finely Shredded Low-Moisture Part-Skim Mozzarella Cheese, 8 oz Bag" class="w_hhLG w_8nsR w_jDfj pointer bn sans-serif b ph2 flex items-center justify-center w-auto shadow-1" data-automation-id="add-to-cart" data-pcss-hide="true" type="button"><i class="ld ld-Plus" style="font-size:1.5rem;vertical-align:-0.25em;width:1.5rem;height:1.5rem;box-sizing:content-box" title="add to cart"></i><span class="mr2">Add</span></button></div></div></div><div class="nt2" data-testid="variant-2ERRRWY8NNKA" style="height:24px"></div></div><div class=""><div class="flex flex-wrap justify-start items-center lh-title mb1" data-automation-id="product-price"><div aria-hidden="true" class="mr1 mr2-xl b black green lh-solid f5 f4-l"><span class="f3 mr1">Now</span><span class="f6 f5-l" style="vertical-align:0.65ex;margin-right:2px">$</span><span class="f2">1</span><span class="f6 f5-l" style="vertical-align:0.75ex">97</span></div><span class="w_iUH7">current price Now $1.97</span><div aria-hidden="true" class="gray mr1 strike f6 f4-l flex items-end mt1">$2.24</div><span class="w_iUH7">Was $2.24</span><div class="gray mr1 f6 f5-l flex items-end mt1">$3.94/lb</div></div><span class="w_V_DM" style="-webkit-line-clamp: 3; padding-bottom: 0.1em; margin-bottom: -0.1em;"><span class="normal dark-gray mb0 mt1 lh-title f6 f5-l lh-copy" data-automation-id="product-title">Great Value Finely Shredded Low-Moisture Part-Skim Mozzarella Cheese, 8 oz Bag</span></span><div class="mt2"><img alt="ebt" aria-hidden="true" class="v-mid pb1 mr2" height="20" loading="lazy" src="//i5.walmartimages.com/dfw/63fd9f59-2845/2044d79e-92d5-4c08-90a2-0480444a877f/v1/EBT-Logo.svg" width="30"/><span class="gray f6-l f5-m">EBT eligible</span></div><div></div><div class="mt2" data-automation-id="fulfillment-badge"><div class="f7 flex self-baseline dark-gray"><div>Pickup <span class="b">today</span></div></div></div></div></div></div></div></div></div><div class="ph1 pa0-xl bb b--near-white w-25"><div class="h-100 pb1-xl pr4-xl pv1 ph1"><section class="h-100 flex flex-column justify-center"><div class="flex center shadow-4 relative pointer black h-100 br3 justify-between flex-column w-100" style="box-shadow: rgba(0, 0, 0, 0.2) 2px 2px 8px 0px;"><a class="absolute h-100 z-1 flex-column w-100" href="https://www.walmart.com/shop/stock-up-event?povid=976759_tiletakeover_StockUpEvent_AllFood_Rweb_Feb_13" link-identifier="Generic Name"><span class="w_iUH7"></span></a><div class="relative flex h-100 items-start w-100" style="border-radius: 8px 8px 0px 0px; flex: 0 0 50%;"><img alt="Rollbacks &amp; more" class="relative db" height="fit-content" loading="lazy" src="https://i5.walmartimages.com/dfw/4ff9c6c9-84d0/k2-_370d02e8-b119-4df9-8d23-10614a523c54.v1.png" style="width: 100%; border-radius: 8px 8px 0px 0px; height: 100%; object-fit: contain;" width="fit-content"/></div><div class="flex center w-100 h-100" style="max-height: 240px; border-radius: 0px 0px 8px 8px; flex: 0 0 50%;"><div class="ph3 flex-grow-1 self-start mt4 mb6"><div class="relative"><div class="b mb0 tc f3">It's the Spring Stock-Up Event!</div><div class="mb1 mt2 tc f5">Save big on all your faves.</div><div class="tc"><div class="mt4 db"><button class="w_hhLG w_XK4d w_0_LY br-pill pv2 ph4 pointer bg-white z-2" style="color: black;" type="button">Shop now</button></div></div></div></div></div></div></section></div></div><div class="mb0 ph0-xl pt0-xl bb b--near-white w-25 pb3-m ph1"><div class="h-100 pr4-xl pt3" io-id="6X7ION20RG6H" style="contain-intrinsic-size: 198px 340px;"><div class="sans-serif mid-gray relative flex flex-column w-100 hide-child-opacity" data-item-id="6X7ION20RG6H" role="group"><a class="w-100 h-100 z-1 hide-sibling-opacity absolute" href="/ip/Formaggio-Cheese-Refrigerated-Marinated-Mozzarella-Balls-in-Pesto-12-oz-Tub/2150641380?classType=REGULAR&amp;from=/search" link-identifier="2150641380" target=""><span class="w_iUH7">Formaggio Cheese Refrigerated Marinated Mozzarella Balls in Pesto, 12 oz Tub </span></a><div class="" data-testid="list-view"><div class=""><div class=""><div class="h2 relative nowrap mb1"></div><div class="relative"><div class="relative overflow-hidden" style="max-width: 290px; height: 0px; padding-bottom: min(290px, 100%); align-self: center; width: min(290px, 100%);"><span><button aria-label="Sign in to add to Favorites list, Formaggio Cheese Refrigerated Marinated Mozzarella Balls in Pesto, 12 oz Tub" class="bg-white pointer pa0 black bn mt1 mr1 pa1 br4 absolute top-0 right-0 z-2" data-automation-id="heart-item" style="width: 32px; height: 32px;" type="button"><i aria-hidden="true" class="ld ld-Heart" style="font-size: 1.5rem; vertical-align: -0.25em; padding-top: 1px; width: 1.5rem; height: 1.5rem; box-sizing: content-box;"></i></button></span><img alt="Formaggio Cheese Refrigerated Marinated Mozzarella Balls in Pesto, 12 oz Tub" class="absolute top-0 left-0" data-testid="productTileImage" height="" id="is-0-productImage-11" loading="lazy" src="https://i5.walmartimages.com/seo/Formaggio-Cheese-Refrigerated-Marinated-Mozzarella-Balls-in-Pesto-12-oz-Tub_57756652-6cde-46ee-802f-da57efe30140.3d34d51b6f826db671f92130fc182366.jpeg?odnHeight=580&amp;odnWidth=580&amp;odnBg=FFFFFF" srcset="https://i5.walmartimages.com/seo/Formaggio-Cheese-Refrigerated-Marinated-Mozzarella-Balls-in-Pesto-12-oz-Tub_57756652-6cde-46ee-802f-da57efe30140.3d34d51b6f826db671f92130fc182366.jpeg?odnHeight=290&amp;odnWidth=290&amp;odnBg=FFFFFF 1x, https://i5.walmartimages.com/seo/Formaggio-Cheese-Refrigerated-Marinated-Mozzarella-Balls-in-Pesto-12-oz-Tub_57756652-6cde-46ee-802f-da57efe30140.3d34d51b6f826db671f92130fc182366.jpeg?odnHeight=580&amp;odnWidth=580&amp;odnBg=FFFFFF 2x" width=""/></div><div class="z-2 relative mt3"><div class="relative dib flex-row-reverse" data-id="6X7ION20RG6H"><button aria-label="Add to cart - Formaggio Cheese Refrigerated Marinated Mozzarella Balls in Pesto, 12 oz Tub" class="w_hhLG w_8nsR w_jDfj pointer bn sans-serif b ph2 flex items-center justify-center w-auto shadow-1" data-automation-id="add-to-cart" data-pcss-hide="true" type="button"><i class="ld ld-Plus" style="font-size: 1.5rem; vertical-align: -0.25em; width: 1.5rem; height: 1.5rem; box-sizing: content-box;" title="add to cart"></i><span class="mr2">Add</span></button></div></div></div><div class="nt2" data-testid="variant-6X7ION20RG6H" style="height: 24px;"></div></div><div class=""><div class="flex flex-wrap justify-start items-center lh-title mb1" data-automation-id="product-price"><div aria-hidden="true" class="mr1 mr2-xl b black lh-solid f5 f4-l"><span class="f3"></span><span class="f6 f5-l" style="vertical-align: 0.65ex; margin-right: 2px;">$</span><span class="f2">5</span><span class="f6 f5-l" style="vertical-align: 0.75ex;">98</span></div><span class="w_iUH7">current price $5.98</span><div class="gray mr1 f6 f5-l flex items-end mt1">$7.97/lb</div></div><span class="w_V_DM" style="-webkit-line-clamp: 3; padding-bottom: 0.1em; margin-bottom: -0.1em;"><span class="normal dark-gray mb0 mt1 lh-title f6 f5-l lh-copy" data-automation-id="product-title">Formaggio Cheese Refrigerated Marinated Mozzarella Balls in Pesto, 12 oz Tub</span></span><div class="mt2"><img alt="ebt" aria-hidden="true" class="v-mid pb1 mr2" height="20" loading="lazy" src="//i5.walmartimages.com/dfw/63fd9f59-2845/2044d79e-92d5-4c08-90a2-0480444a877f/v1/EBT-Logo.svg" width="30"/><span class="gray f6-l f5-m">EBT eligible</span></div><div></div><div class="mt2" data-automation-id="fulfillment-badge"><div class="f7 flex self-baseline dark-gray"><div>Pickup <span class="b">today</span></div></div></div></div></div></div></div></div></div><div class="mb0 ph0-xl pt0-xl bb b--near-white w-25 pb3-m ph1"><div class="h-100 pr4-xl pt3" io-id="4Q4XE3072I1W" style="contain-intrinsic-size: 198px 340px;"><div class="sans-serif mid-gray relative flex flex-column w-100 hide-child-opacity" data-item-id="4Q4XE3072I1W" role="group"><a class="w-100 h-100 z-1 hide-sibling-opacity absolute" href="https://www.walmart.com/sp/track?bt=1&amp;eventST=click&amp;plmt=sp-search-middle~desktop~&amp;pos=12&amp;tax=976759_9176907_1001468_4800400&amp;rdf=1&amp;rd=https%3A%2F%2Fwww.walmart.com%2Fip%2FLactaid-Cottage-Cheese-16-oz%2F676432153%3FclassType%3DREGULAR%26adsRedirect%3Dtrue&amp;adUid=6637d0d3-798d-45f2-bbf3-e039cb0f7a20&amp;mloc=sp-search-middle&amp;pltfm=desktop&amp;pgId=cheese&amp;pt=search&amp;spQs=WmS-JIHO3dz9BeTQAyqKlWM38dncf0jwRpEqhQehdSXra9DoaHmmkQVBTTD39iQmSYi65TyzOdacWhIGMnKowKJLOqR3N38sb7AkodFIxRHttWxheKmQ97jsWI9ESWwz39Q0gBYg3vMv55vr5CwPq50JOGtYMwJ6qN53bxQjBKuUdiWbK5hkR7epgTwWh1lKehKEpZJvy3hPmULqpfhY9W-nziNto-aUQZW3KKnjQ3j_QltLH1CWZ6gNJs04MXOC&amp;storeId=3795&amp;specificity=broad&amp;specificityScore=0.16032135&amp;couponState=na&amp;bkt=ace1_default%7Cace2_default%7Cace3_11293%7Cbb_11237%7Ccoldstart_on%7Csearch_Inhouse_ANN_Launch_Web&amp;classType=REGULAR" link-identifier="676432153" target=""><span class="w_iUH7">Lactaid Lactose-Free 4% Cottage Cheese, 16 oz </span></a><div class="" data-testid="list-view"><div class=""><div class=""><div class="h2 relative nowrap mb1"></div><div class="relative"><div class="relative overflow-hidden" style="max-width: 290px; height: 0px; padding-bottom: min(290px, 100%); align-self: center; width: min(290px, 100%);"><span><button aria-label="Sign in to add to Favorites list, Lactaid Lactose-Free 4% Cottage Cheese, 16 oz" class="bg-white pointer pa0 black bn mt1 mr1 pa1 br4 absolute top-0 right-0 z-2" data-automation-id="heart-item" style="width: 32px; height: 32px;" type="button"><i aria-hidden="true" class="ld ld-Heart" style="font-size: 1.5rem; vertical-align: -0.25em; padding-top: 1px; width: 1.5rem; height: 1.5rem; box-sizing: content-box;"></i></button></span><img alt="Lactaid Lactose-Free 4% Cottage Cheese, 16 oz" class="absolute top-0 left-0" data-testid="productTileImage" height="" id="is-0-productImage-12" loading="lazy" src="https://i5.walmartimages.com/seo/Lactaid-Lactose-Free-4-Cottage-Cheese-16-oz_6305bddf-6a53-40bd-bbea-648f30fea17f.d387adfcfb6683cfd748d1e702d847a9.jpeg?odnHeight=580&amp;odnWidth=580&amp;odnBg=FFFFFF" srcset="https://i5.walmartimages.com/seo/Lactaid-Lactose-Free-4-Cottage-Cheese-16-oz_6305bddf-6a53-40bd-bbea-648f30fea17f.d387adfcfb6683cfd748d1e702d847a9.jpeg?odnHeight=290&amp;odnWidth=290&amp;odnBg=FFFFFF 1x, https://i5.walmartimages.com/seo/Lactaid-Lactose-Free-4-Cottage-Cheese-16-oz_6305bddf-6a53-40bd-bbea-648f30fea17f.d387adfcfb6683cfd748d1e702d847a9.jpeg?odnHeight=580&amp;odnWidth=580&amp;odnBg=FFFFFF 2x" width=""/></div><div class="z-2 relative mt3"><div class="relative dib flex-row-reverse" data-id="4Q4XE3072I1W"><button aria-label="Add to cart - Lactaid Lactose-Free 4% Cottage Cheese, 16 oz" class="w_hhLG w_8nsR w_jDfj pointer bn sans-serif b ph2 flex items-center justify-center w-auto shadow-1" data-automation-id="add-to-cart" data-pcss-hide="true" type="button"><i class="ld ld-Plus" style="font-size: 1.5rem; vertical-align: -0.25em; width: 1.5rem; height: 1.5rem; box-sizing: content-box;" title="add to cart"></i><span class="mr2">Add</span></button></div></div></div><div class="mt2 mb1" data-testid="variant-4Q4XE3072I1W" style="height: 24px;"><div class="flex items-center lh-title h2-l normal"><div class="gray f7 flex items-center"><div>Sponsored</div><div class="z-2"><button aria-label="Ad disclaimer and feedback" class="w_hhLG w_DZvO w_0_LY pointer pl1 no-underline pt3 pb3" title="Ad disclaimer and feedback" type="button"><i class="ld ld-InfoCircle" style="font-size: 1rem; vertical-align: -0.175em; width: 1rem; height: 1rem; box-sizing: content-box;"></i></button></div></div></div></div></div><div class=""><div class="flex flex-wrap justify-start items-center lh-title mb1" data-automation-id="product-price"><div aria-hidden="true" class="mr1 mr2-xl b black lh-solid f5 f4-l"><span class="f3"></span><span class="f6 f5-l" style="vertical-align: 0.65ex; margin-right: 2px;">$</span><span class="f2">3</span><span class="f6 f5-l" style="vertical-align: 0.75ex;">38</span></div><span class="w_iUH7">current price $3.38</span><div class="gray mr1 f6 f5-l flex items-end mt1">$3.38/lb</div></div><span class="w_V_DM" style="-webkit-line-clamp: 3; padding-bottom: 0.1em; margin-bottom: -0.1em;"><span class="normal dark-gray mb0 mt1 lh-title f6 f5-l lh-copy" data-automation-id="product-title">Lactaid Lactose-Free 4% Cottage Cheese, 16 oz</span></span><div class="flex items-center mt2"><div class="w_ExHd w_y6ym mr1"><svg class="w_D5ag w_6H0I w_1jp4" viewbox="0 0 22 22" xmlns="http://www.w3.org/2000/svg"><path d="m13.562 7.028.17.354.387.062 6.226.999c.011.002.029.008.047.034.018.026.03.063.023.106a.133.133 0 0 1-.034.073l-4.476 4.64-.274.284.079.387 1.321 6.467c.009.042 0 .08-.017.109-.018.028-.036.036-.049.04a.04.04 0 0 1-.014 0 .05.05 0 0 1-.017-.006l-5.926-3.032-.341-.175-.342.175-5.926 3.032a.046.046 0 0 1-.02.006c-.004 0-.01 0-.017-.003-.013-.004-.034-.017-.05-.05a.155.155 0 0 1-.01-.096l1.322-6.467.079-.387-.274-.284-4.477-4.64a.136.136 0 0 1-.035-.095c0-.042.014-.075.034-.096a.067.067 0 0 1 .037-.022l6.226-.999.388-.062.17-.354 2.83-5.892c.016-.033.037-.045.05-.05a.045.045 0 0 1 .018-.003c.004 0 .01.002.02.007a.1.1 0 0 1 .04.046l2.832 5.892Z"></path></svg><svg class="w_D5ag w_6H0I w_1jp4" viewbox="0 0 22 22" xmlns="http://www.w3.org/2000/svg"><path d="m13.562 7.028.17.354.387.062 6.226.999c.011.002.029.008.047.034.018.026.03.063.023.106a.133.133 0 0 1-.034.073l-4.476 4.64-.274.284.079.387 1.321 6.467c.009.042 0 .08-.017.109-.018.028-.036.036-.049.04a.04.04 0 0 1-.014 0 .05.05 0 0 1-.017-.006l-5.926-3.032-.341-.175-.342.175-5.926 3.032a.046.046 0 0 1-.02.006c-.004 0-.01 0-.017-.003-.013-.004-.034-.017-.05-.05a.155.155 0 0 1-.01-.096l1.322-6.467.079-.387-.274-.284-4.477-4.64a.136.136 0 0 1-.035-.095c0-.042.014-.075.034-.096a.067.067 0 0 1 .037-.022l6.226-.999.388-.062.17-.354 2.83-5.892c.016-.033.037-.045.05-.05a.045.045 0 0 1 .018-.003c.004 0 .01.002.02.007a.1.1 0 0 1 .04.046l2.832 5.892Z"></path></svg><svg class="w_D5ag w_6H0I w_1jp4" viewbox="0 0 22 22" xmlns="http://www.w3.org/2000/svg"><path d="m13.562 7.028.17.354.387.062 6.226.999c.011.002.029.008.047.034.018.026.03.063.023.106a.133.133 0 0 1-.034.073l-4.476 4.64-.274.284.079.387 1.321 6.467c.009.042 0 .08-.017.109-.018.028-.036.036-.049.04a.04.04 0 0 1-.014 0 .05.05 0 0 1-.017-.006l-5.926-3.032-.341-.175-.342.175-5.926 3.032a.046.046 0 0 1-.02.006c-.004 0-.01 0-.017-.003-.013-.004-.034-.017-.05-.05a.155.155 0 0 1-.01-.096l1.322-6.467.079-.387-.274-.284-4.477-4.64a.136.136 0 0 1-.035-.095c0-.042.014-.075.034-.096a.067.067 0 0 1 .037-.022l6.226-.999.388-.062.17-.354 2.83-5.892c.016-.033.037-.045.05-.05a.045.045 0 0 1 .018-.003c.004 0 .01.002.02.007a.1.1 0 0 1 .04.046l2.832 5.892Z"></path></svg><svg class="w_D5ag w_6H0I w_eDrS" viewbox="0 0 22 22" xmlns="http://www.w3.org/2000/svg"><path d="m13.562 7.028.17.354.387.062 6.226.999c.011.002.029.008.047.034.018.026.03.063.023.106a.133.133 0 0 1-.034.073l-4.476 4.64-.274.284.079.387 1.321 6.467c.009.042 0 .08-.017.109-.018.028-.036.036-.049.04a.04.04 0 0 1-.014 0 .05.05 0 0 1-.017-.006l-5.926-3.032-.341-.175-.342.175-5.926 3.032a.046.046 0 0 1-.02.006c-.004 0-.01 0-.017-.003-.013-.004-.034-.017-.05-.05a.155.155 0 0 1-.01-.096l1.322-6.467.079-.387-.274-.284-4.477-4.64a.136.136 0 0 1-.035-.095c0-.042.014-.075.034-.096a.067.067 0 0 1 .037-.022l6.226-.999.388-.062.17-.354 2.83-5.892c.016-.033.037-.045.05-.05a.045.045 0 0 1 .018-.003c.004 0 .01.002.02.007a.1.1 0 0 1 .04.046l2.832 5.892Z"></path></svg><svg class="w_D5ag w_6H0I w_eDrS" viewbox="0 0 22 22" xmlns="http://www.w3.org/2000/svg"><path d="m13.562 7.028.17.354.387.062 6.226.999c.011.002.029.008.047.034.018.026.03.063.023.106a.133.133 0 0 1-.034.073l-4.476 4.64-.274.284.079.387 1.321 6.467c.009.042 0 .08-.017.109-.018.028-.036.036-.049.04a.04.04 0 0 1-.014 0 .05.05 0 0 1-.017-.006l-5.926-3.032-.341-.175-.342.175-5.926 3.032a.046.046 0 0 1-.02.006c-.004 0-.01 0-.017-.003-.013-.004-.034-.017-.05-.05a.155.155 0 0 1-.01-.096l1.322-6.467.079-.387-.274-.284-4.477-4.64a.136.136 0 0 1-.035-.095c0-.042.014-.075.034-.096a.067.067 0 0 1 .037-.022l6.226-.999.388-.062.17-.354 2.83-5.892c.016-.033.037-.045.05-.05a.045.045 0 0 1 .018-.003c.004 0 .01.002.02.007a.1.1 0 0 1 .04.046l2.832 5.892Z"></path></svg></div><span aria-hidden="true" class="sans-serif gray f7" data-testid="product-reviews" data-value="690">690</span><span class="w_iUH7">3.2 out of 5 Stars. 690 reviews</span></div><div class="mt2"><img alt="ebt" aria-hidden="true" class="v-mid pb1 mr2" height="20" loading="lazy" src="//i5.walmartimages.com/dfw/63fd9f59-2845/2044d79e-92d5-4c08-90a2-0480444a877f/v1/EBT-Logo.svg" width="30"/><span class="gray f6-l f5-m">EBT eligible</span></div><div></div><div class="mt2" data-automation-id="fulfillment-badge"><div class="f7 flex self-baseline dark-gray"><div>Pickup <span class="b">today</span></div></div></div></div></div></div></div></div></div><div class="mb0 ph0-xl pt0-xl bb b--near-white w-25 pb3-m ph1"><div class="h-100 pr4-xl pt3" io-id="4IL8O5PF0L6A" style="contain-intrinsic-size: 198px 340px;"><div class="sans-serif mid-gray relative flex flex-column w-100 hide-child-opacity" data-item-id="4IL8O5PF0L6A" role="group"><a class="w-100 h-100 z-1 hide-sibling-opacity absolute" href="/ip/Cello-Everyday-Cheese-Flight-Dijon-Herb-Fontal-Irish-Cheddar-Smoked-Gouda-Wedge-Variety-Pack-1-lb-Tray/5880765860?classType=REGULAR&amp;from=/search" link-identifier="5880765860" target=""><span class="w_iUH7">Cello Everyday Cheese Flight Dijon Herb Fontal, Irish Cheddar, &amp; Smoked Gouda Wedge Variety Pack, 1 lb Tray </span></a><div class="" data-testid="list-view"><div class=""><div class=""><div class="h2 relative nowrap mb1"></div><div class="relative"><div class="relative overflow-hidden" style="max-width: 290px; height: 0px; padding-bottom: min(290px, 100%); align-self: center; width: min(290px, 100%);"><span><button aria-label="Sign in to add to Favorites list, Cello Everyday Cheese Flight Dijon Herb Fontal, Irish Cheddar, &amp; Smoked Gouda Wedge Variety Pack, 1 lb Tray" class="bg-white pointer pa0 black bn mt1 mr1 pa1 br4 absolute top-0 right-0 z-2" data-automation-id="heart-item" style="width: 32px; height: 32px;" type="button"><i aria-hidden="true" class="ld ld-Heart" style="font-size: 1.5rem; vertical-align: -0.25em; padding-top: 1px; width: 1.5rem; height: 1.5rem; box-sizing: content-box;"></i></button></span><img alt="Cello Everyday Cheese Flight Dijon Herb Fontal, Irish Cheddar, &amp; Smoked Gouda Wedge Variety Pack, 1 lb Tray" class="absolute top-0 left-0" data-testid="productTileImage" height="" id="is-0-productImage-13" loading="lazy" src="https://i5.walmartimages.com/seo/Cello-Everyday-Cheese-Flight-Dijon-Herb-Fontal-Irish-Cheddar-Smoked-Gouda-Wedge-Variety-Pack-1-lb-Tray_4223a262-de1e-4048-b754-b8511afe240d.371262670d8312454b70234da9258ab8.jpeg?odnHeight=580&amp;odnWidth=580&amp;odnBg=FFFFFF" srcset="https://i5.walmartimages.com/seo/Cello-Everyday-Cheese-Flight-Dijon-Herb-Fontal-Irish-Cheddar-Smoked-Gouda-Wedge-Variety-Pack-1-lb-Tray_4223a262-de1e-4048-b754-b8511afe240d.371262670d8312454b70234da9258ab8.jpeg?odnHeight=290&amp;odnWidth=290&amp;odnBg=FFFFFF 1x, https://i5.walmartimages.com/seo/Cello-Everyday-Cheese-Flight-Dijon-Herb-Fontal-Irish-Cheddar-Smoked-Gouda-Wedge-Variety-Pack-1-lb-Tray_4223a262-de1e-4048-b754-b8511afe240d.371262670d8312454b70234da9258ab8.jpeg?odnHeight=580&amp;odnWidth=580&amp;odnBg=FFFFFF 2x" width=""/></div><div class="z-2 relative mt3"><div class="relative dib flex-row-reverse" data-id="4IL8O5PF0L6A"><button aria-label="Add to cart - Cello Everyday Cheese Flight Dijon Herb Fontal, Irish Cheddar, &amp; Smoked Gouda Wedge Variety Pack, 1 lb Tray" class="w_hhLG w_8nsR w_jDfj pointer bn sans-serif b ph2 flex items-center justify-center w-auto shadow-1" data-automation-id="add-to-cart" data-pcss-hide="true" type="button"><i class="ld ld-Plus" style="font-size: 1.5rem; vertical-align: -0.25em; width: 1.5rem; height: 1.5rem; box-sizing: content-box;" title="add to cart"></i><span class="mr2">Add</span></button></div></div></div><div class="mt3"></div></div><div class=""><div class="flex flex-wrap justify-start items-center lh-title mb1" data-automation-id="product-price"><div aria-hidden="true" class="mr1 mr2-xl b black lh-solid f5 f4-l"><span class="f3"></span><span class="f6 f5-l" style="vertical-align: 0.65ex; margin-right: 2px;">$</span><span class="f2">9</span><span class="f6 f5-l" style="vertical-align: 0.75ex;">92</span></div><span class="w_iUH7">current price $9.92</span><div class="gray mr1 f6 f5-l flex items-end mt1">$15.87/lb</div></div><span class="w_V_DM" style="-webkit-line-clamp: 3; padding-bottom: 0.1em; margin-bottom: -0.1em;"><span class="normal dark-gray mb0 mt1 lh-title f6 f5-l lh-copy" data-automation-id="product-title">Cello Everyday Cheese Flight Dijon Herb Fontal, Irish Cheddar, &amp; Smoked Gouda Wedge Variety Pack, 1 lb Tray</span></span><div class="mt2"><img alt="ebt" aria-hidden="true" class="v-mid pb1 mr2" height="20" loading="lazy" src="//i5.walmartimages.com/dfw/63fd9f59-2845/2044d79e-92d5-4c08-90a2-0480444a877f/v1/EBT-Logo.svg" width="30"/><span class="gray f6-l f5-m">EBT eligible</span></div><div></div><div class="mt2" data-automation-id="fulfillment-badge"><div class="f7 flex self-baseline dark-gray"><div>Pickup <span class="b">today</span></div></div></div></div></div></div></div></div></div><div class="mb0 ph0-xl pt0-xl bb b--near-white w-25 pb3-m ph1"><div class="h-100 pr4-xl pt3" io-id="7624PCBJCVVK" style="contain-intrinsic-size: 198px 340px;"><div class="sans-serif mid-gray relative flex flex-column w-100 hide-child-opacity" data-item-id="7624PCBJCVVK" role="group"><a class="w-100 h-100 z-1 hide-sibling-opacity absolute" href="/ip/PRIMA-DONNA-GOUDA-WEDGE-MATURO-5-3OZ-10-CS/5907000512?classType=REGULAR&amp;from=/search" link-identifier="5907000512" target=""><span class="w_iUH7">Prima Donna Maturo Aged Gouda Cheese Wedge, 5.3 oz </span></a><div class="" data-testid="list-view"><div class=""><div class=""><div class="h2 relative nowrap mb1"></div><div class="relative"><div class="relative overflow-hidden" style="max-width: 290px; height: 0px; padding-bottom: min(290px, 100%); align-self: center; width: min(290px, 100%);"><span><button aria-label="Sign in to add to Favorites list, Prima Donna Maturo Aged Gouda Cheese Wedge, 5.3 oz" class="bg-white pointer pa0 black bn mt1 mr1 pa1 br4 absolute top-0 right-0 z-2" data-automation-id="heart-item" style="width: 32px; height: 32px;" type="button"><i aria-hidden="true" class="ld ld-Heart" style="font-size: 1.5rem; vertical-align: -0.25em; padding-top: 1px; width: 1.5rem; height: 1.5rem; box-sizing: content-box;"></i></button></span><img alt="Prima Donna Maturo Aged Gouda Cheese Wedge, 5.3 oz" class="absolute top-0 left-0" data-testid="productTileImage" height="" id="is-0-productImage-14" loading="lazy" src="https://i5.walmartimages.com/seo/Prima-Donna-Maturo-Aged-Gouda-Cheese-Wedge-5-3-oz_29dc0170-4581-4f7f-bf16-2352c1a5eb95.28265cccba22c737cade65b0a6fd3753.jpeg?odnHeight=580&amp;odnWidth=580&amp;odnBg=FFFFFF" srcset="https://i5.walmartimages.com/seo/Prima-Donna-Maturo-Aged-Gouda-Cheese-Wedge-5-3-oz_29dc0170-4581-4f7f-bf16-2352c1a5eb95.28265cccba22c737cade65b0a6fd3753.jpeg?odnHeight=290&amp;odnWidth=290&amp;odnBg=FFFFFF 1x, https://i5.walmartimages.com/seo/Prima-Donna-Maturo-Aged-Gouda-Cheese-Wedge-5-3-oz_29dc0170-4581-4f7f-bf16-2352c1a5eb95.28265cccba22c737cade65b0a6fd3753.jpeg?odnHeight=580&amp;odnWidth=580&amp;odnBg=FFFFFF 2x" width=""/></div><div class="z-2 relative mt3"><div class="relative dib flex-row-reverse" data-id="7624PCBJCVVK"><button aria-label="Add to cart - Prima Donna Maturo Aged Gouda Cheese Wedge, 5.3 oz" class="w_hhLG w_8nsR w_jDfj pointer bn sans-serif b ph2 flex items-center justify-center w-auto shadow-1" data-automation-id="add-to-cart" data-pcss-hide="true" type="button"><i class="ld ld-Plus" style="font-size: 1.5rem; vertical-align: -0.25em; width: 1.5rem; height: 1.5rem; box-sizing: content-box;" title="add to cart"></i><span class="mr2">Add</span></button></div></div></div><div class="mt3"></div></div><div class=""><div class="flex flex-wrap justify-start items-center lh-title mb1" data-automation-id="product-price"><div aria-hidden="true" class="mr1 mr2-xl b black lh-solid f5 f4-l"><span class="f3"></span><span class="f6 f5-l" style="vertical-align: 0.65ex; margin-right: 2px;">$</span><span class="f2">5</span><span class="f6 f5-l" style="vertical-align: 0.75ex;">24</span></div><span class="w_iUH7">current price $5.24</span><div class="gray mr1 f6 f5-l flex items-end mt1">$15.82/lb</div></div><span class="w_V_DM" style="-webkit-line-clamp: 3; padding-bottom: 0.1em; margin-bottom: -0.1em;"><span class="normal dark-gray mb0 mt1 lh-title f6 f5-l lh-copy" data-automation-id="product-title">Prima Donna Maturo Aged Gouda Cheese Wedge, 5.3 oz</span></span><div class="mt2"><img alt="ebt" aria-hidden="true" class="v-mid pb1 mr2" height="20" loading="lazy" src="//i5.walmartimages.com/dfw/63fd9f59-2845/2044d79e-92d5-4c08-90a2-0480444a877f/v1/EBT-Logo.svg" width="30"/><span class="gray f6-l f5-m">EBT eligible</span></div><div></div><div class="mt2" data-automation-id="fulfillment-badge"><div class="f7 flex self-baseline dark-gray"><div>Pickup <span class="b">today</span></div></div></div></div></div></div></div></div></div><div class="mb0 ph0-xl pt0-xl bb b--near-white w-25 pb3-m ph1"><div class="h-100 pr4-xl pt3" io-id="2HJ119K3Z10Y" style="contain-intrinsic-size: 198px 340px;"><div class="sans-serif mid-gray relative flex flex-column w-100 hide-child-opacity" data-item-id="2HJ119K3Z10Y" role="group"><a class="w-100 h-100 z-1 hide-sibling-opacity absolute" href="/ip/Great-Value-Singles-American-Pasteurized-Prepared-Cheese-Product-16-oz-24-Count/10452423?classType=REGULAR&amp;athbdg=L1600&amp;from=/search" link-identifier="10452423" target=""><span class="w_iUH7">Great Value Singles American Pasteurized Prepared Cheese Product, 16 oz, 24 Count </span></a><div class="" data-testid="list-view"><div class=""><div class=""><div class="h2 relative nowrap mb1"><span class="w_VbBP w_mFV6 w_I_19 w_3oNC w_AAn7 tag-leading-badge absolute" style="background: rgb(230, 241, 252); color: rgb(0, 79, 154); border-radius: 4px; font-weight: 700;">Best seller</span></div><div class="relative"><div class="relative overflow-hidden" style="max-width: 290px; height: 0px; padding-bottom: min(290px, 100%); align-self: center; width: min(290px, 100%);"><span><button aria-label="Sign in to add to Favorites list, Great Value Singles American Pasteurized Prepared Cheese Product, 16 oz, 24 Count" class="bg-white pointer pa0 black bn mt1 mr1 pa1 br4 absolute top-0 right-0 z-2" data-automation-id="heart-item" style="width: 32px; height: 32px;" type="button"><i aria-hidden="true" class="ld ld-Heart" style="font-size: 1.5rem; vertical-align: -0.25em; padding-top: 1px; width: 1.5rem; height: 1.5rem; box-sizing: content-box;"></i></button></span><img alt="Great Value Singles American Pasteurized Prepared Cheese Product, 16 oz, 24 Count" class="absolute top-0 left-0" data-testid="productTileImage" height="" id="is-0-productImage-15" loading="lazy" src="https://i5.walmartimages.com/seo/Great-Value-Singles-American-Pasteurized-Prepared-Cheese-Product-16-oz-24-Count_2c5a6207-c4db-46ff-a7b8-e6ce421a2b43.5d8f1343e92c0c49e013228f4a344dea.jpeg?odnHeight=580&amp;odnWidth=580&amp;odnBg=FFFFFF" srcset="https://i5.walmartimages.com/seo/Great-Value-Singles-American-Pasteurized-Prepared-Cheese-Product-16-oz-24-Count_2c5a6207-c4db-46ff-a7b8-e6ce421a2b43.5d8f1343e92c0c49e013228f4a344dea.jpeg?odnHeight=290&amp;odnWidth=290&amp;odnBg=FFFFFF 1x, https://i5.walmartimages.com/seo/Great-Value-Singles-American-Pasteurized-Prepared-Cheese-Product-16-oz-24-Count_2c5a6207-c4db-46ff-a7b8-e6ce421a2b43.5d8f1343e92c0c49e013228f4a344dea.jpeg?odnHeight=580&amp;odnWidth=580&amp;odnBg=FFFFFF 2x" width=""/></div><div class="z-2 relative mt3"><div class="relative dib flex-row-reverse" data-id="2HJ119K3Z10Y"><button aria-label="Add to cart - Great Value Singles American Pasteurized Prepared Cheese Product, 16 oz, 24 Count" class="w_hhLG w_8nsR w_jDfj pointer bn sans-serif b ph2 flex items-center justify-center w-auto shadow-1" data-automation-id="add-to-cart" data-pcss-hide="true" type="button"><i class="ld ld-Plus" style="font-size: 1.5rem; vertical-align: -0.25em; width: 1.5rem; height: 1.5rem; box-sizing: content-box;" title="add to cart"></i><span class="mr2">Add</span></button></div></div></div><div class="mt3"></div></div><div class=""><div class="flex flex-wrap justify-start items-center lh-title mb1" data-automation-id="product-price"><div aria-hidden="true" class="mr1 mr2-xl b black lh-solid f5 f4-l"><span class="f3"></span><span class="f6 f5-l" style="vertical-align: 0.65ex; margin-right: 2px;">$</span><span class="f2">2</span><span class="f6 f5-l" style="vertical-align: 0.75ex;">38</span></div><span class="w_iUH7">current price $2.38</span><div class="gray mr1 f6 f5-l flex items-end mt1">$2.38/lb</div></div><span class="w_V_DM" style="-webkit-line-clamp: 3; padding-bottom: 0.1em; margin-bottom: -0.1em;"><span class="normal dark-gray mb0 mt1 lh-title f6 f5-l lh-copy" data-automation-id="product-title">Great Value Singles American Pasteurized Prepared Cheese Product, 16 oz, 24 Count</span></span><div class="mt2"><img alt="ebt" aria-hidden="true" class="v-mid pb1 mr2" height="20" loading="lazy" src="//i5.walmartimages.com/dfw/63fd9f59-2845/2044d79e-92d5-4c08-90a2-0480444a877f/v1/EBT-Logo.svg" width="30"/><span class="gray f6-l f5-m">EBT eligible</span></div><div></div><div class="mt2" data-automation-id="fulfillment-badge"><div class="f7 flex self-baseline dark-gray"><div>Pickup <span class="b">today</span></div></div></div></div></div></div></div></div></div><div class="mb0 ph0-xl pt0-xl bb b--near-white w-25 pb3-m ph1"><div class="h-100 pr4-xl pt3" io-id="5HX2SSYYDB2H" style="contain-intrinsic-size: 198px 340px;"><div class="sans-serif mid-gray relative flex flex-column w-100 hide-child-opacity" data-item-id="5HX2SSYYDB2H" role="group"><a class="w-100 h-100 z-1 hide-sibling-opacity absolute" href="/ip/Great-Value-Deli-Style-Sliced-Colby-Monterey-Jack-Cheese-8-oz-12-Slices-Plastic-Packaging/51517697?classType=REGULAR&amp;from=/search" link-identifier="51517697" target=""><span class="w_iUH7">Great Value Deli Style Sliced Colby &amp; Monterey Jack Cheese, 8 oz, 12 Slices (Plastic Packaging) </span></a><div class="" data-testid="list-view"><div class=""><div class=""><div class="h2 relative nowrap mb1"></div><div class="relative"><div class="relative overflow-hidden" style="max-width: 290px; height: 0px; padding-bottom: min(290px, 100%); align-self: center; width: min(290px, 100%);"><span><button aria-label="Sign in to add to Favorites list, Great Value Deli Style Sliced Colby &amp; Monterey Jack Cheese, 8 oz, 12 Slices (Plastic Packaging)" class="bg-white pointer pa0 black bn mt1 mr1 pa1 br4 absolute top-0 right-0 z-2" data-automation-id="heart-item" style="width: 32px; height: 32px;" type="button"><i aria-hidden="true" class="ld ld-Heart" style="font-size: 1.5rem; vertical-align: -0.25em; padding-top: 1px; width: 1.5rem; height: 1.5rem; box-sizing: content-box;"></i></button></span><img alt="Great Value Deli Style Sliced Colby &amp; Monterey Jack Cheese, 8 oz, 12 Slices (Plastic Packaging)" class="absolute top-0 left-0" data-testid="productTileImage" height="" id="is-0-productImage-16" loading="lazy" src="https://i5.walmartimages.com/seo/Great-Value-Deli-Style-Sliced-Colby-Monterey-Jack-Cheese-8-oz-12-Slices-Plastic-Packaging_e9d397d0-d599-4fdc-bf0c-782af44b2e74.9bd7c578fb823f091ae0d54945552874.jpeg?odnHeight=580&amp;odnWidth=580&amp;odnBg=FFFFFF" srcset="https://i5.walmartimages.com/seo/Great-Value-Deli-Style-Sliced-Colby-Monterey-Jack-Cheese-8-oz-12-Slices-Plastic-Packaging_e9d397d0-d599-4fdc-bf0c-782af44b2e74.9bd7c578fb823f091ae0d54945552874.jpeg?odnHeight=290&amp;odnWidth=290&amp;odnBg=FFFFFF 1x, https://i5.walmartimages.com/seo/Great-Value-Deli-Style-Sliced-Colby-Monterey-Jack-Cheese-8-oz-12-Slices-Plastic-Packaging_e9d397d0-d599-4fdc-bf0c-782af44b2e74.9bd7c578fb823f091ae0d54945552874.jpeg?odnHeight=580&amp;odnWidth=580&amp;odnBg=FFFFFF 2x" width=""/></div><div class="z-2 relative mt3"><div class="relative dib flex-row-reverse" data-id="5HX2SSYYDB2H"><button aria-label="Add to cart - Great Value Deli Style Sliced Colby &amp; Monterey Jack Cheese, 8 oz, 12 Slices (Plastic Packaging)" class="w_hhLG w_8nsR w_jDfj pointer bn sans-serif b ph2 flex items-center justify-center w-auto shadow-1" data-automation-id="add-to-cart" data-pcss-hide="true" type="button"><i class="ld ld-Plus" style="font-size: 1.5rem; vertical-align: -0.25em; width: 1.5rem; height: 1.5rem; box-sizing: content-box;" title="add to cart"></i><span class="mr2">Add</span></button></div></div></div><div class="mt3"></div></div><div class=""><div class="flex flex-wrap justify-start items-center lh-title mb1" data-automation-id="product-price"><div aria-hidden="true" class="mr1 mr2-xl b black lh-solid f5 f4-l"><span class="f3"></span><span class="f6 f5-l" style="vertical-align: 0.65ex; margin-right: 2px;">$</span><span class="f2">2</span><span class="f6 f5-l" style="vertical-align: 0.75ex;">24</span></div><span class="w_iUH7">current price $2.24</span><div class="gray mr1 f6 f5-l flex items-end mt1">$4.48/lb</div></div><span class="w_V_DM" style="-webkit-line-clamp: 3; padding-bottom: 0.1em; margin-bottom: -0.1em;"><span class="normal dark-gray mb0 mt1 lh-title f6 f5-l lh-copy" data-automation-id="product-title">Great Value Deli Style Sliced Colby &amp; Monterey Jack Cheese, 8 oz, 12 Slices (Plastic Packaging)</span></span><div class="mt2"><img alt="ebt" aria-hidden="true" class="v-mid pb1 mr2" height="20" loading="lazy" src="//i5.walmartimages.com/dfw/63fd9f59-2845/2044d79e-92d5-4c08-90a2-0480444a877f/v1/EBT-Logo.svg" width="30"/><span class="gray f6-l f5-m">EBT eligible</span></div><div></div><div class="mt2" data-automation-id="fulfillment-badge"><div class="f7 flex self-baseline dark-gray"><div>Pickup <span class="b">today</span></div></div></div></div></div></div></div></div></div><div class="mb0 ph0-xl pt0-xl bb b--near-white w-25 pb3-m ph1"><div class="h-100 pr4-xl pt3" io-id="1BO25ONXEUBH" style="contain-intrinsic-size: 198px 340px;"><div class="sans-serif mid-gray relative flex flex-column w-100 hide-child-opacity" data-item-id="1BO25ONXEUBH" role="group"><a class="w-100 h-100 z-1 hide-sibling-opacity absolute" href="/ip/Great-Value-Finely-Shredded-Mild-Cheddar-Cheese-8-oz/10452370?classType=REGULAR&amp;athbdg=L1300&amp;from=/search" link-identifier="10452370" target=""><span class="w_iUH7">Great Value Finely Shredded Mild Cheddar Cheese, 8 oz </span></a><div class="" data-testid="list-view"><div class=""><div class=""><div class="h2 relative nowrap mb1"><span class="w_VbBP w_WKt3 w_U23Z tag-leading-badge absolute" style="background: rgb(222, 28, 36); color: rgb(255, 255, 255); border-radius: 4px; font-weight: 700;">Rollback</span></div><div class="relative"><div class="relative overflow-hidden" style="max-width: 290px; height: 0px; padding-bottom: min(290px, 100%); align-self: center; width: min(290px, 100%);"><span><button aria-label="Sign in to add to Favorites list, Great Value Finely Shredded Mild Cheddar Cheese, 8 oz" class="bg-white pointer pa0 black bn mt1 mr1 pa1 br4 absolute top-0 right-0 z-2" data-automation-id="heart-item" style="width: 32px; height: 32px;" type="button"><i aria-hidden="true" class="ld ld-Heart" style="font-size: 1.5rem; vertical-align: -0.25em; padding-top: 1px; width: 1.5rem; height: 1.5rem; box-sizing: content-box;"></i></button></span><img alt="Great Value Finely Shredded Mild Cheddar Cheese, 8 oz" class="absolute top-0 left-0" data-testid="productTileImage" height="" id="is-0-productImage-17" loading="lazy" src="https://i5.walmartimages.com/seo/Great-Value-Finely-Shredded-Mild-Cheddar-Cheese-8-oz_8502ddc0-bdf0-42c2-be27-189e0e671477.b9d05d14cb098ed72bd8e84843566e1c.jpeg?odnHeight=580&amp;odnWidth=580&amp;odnBg=FFFFFF" srcset="https://i5.walmartimages.com/seo/Great-Value-Finely-Shredded-Mild-Cheddar-Cheese-8-oz_8502ddc0-bdf0-42c2-be27-189e0e671477.b9d05d14cb098ed72bd8e84843566e1c.jpeg?odnHeight=290&amp;odnWidth=290&amp;odnBg=FFFFFF 1x, https://i5.walmartimages.com/seo/Great-Value-Finely-Shredded-Mild-Cheddar-Cheese-8-oz_8502ddc0-bdf0-42c2-be27-189e0e671477.b9d05d14cb098ed72bd8e84843566e1c.jpeg?odnHeight=580&amp;odnWidth=580&amp;odnBg=FFFFFF 2x" width=""/></div><div class="z-2 relative mt3"><div class="relative dib flex-row-reverse" data-id="1BO25ONXEUBH"><button aria-label="Add to cart - Great Value Finely Shredded Mild Cheddar Cheese, 8 oz" class="w_hhLG w_8nsR w_jDfj pointer bn sans-serif b ph2 flex items-center justify-center w-auto shadow-1" data-automation-id="add-to-cart" data-pcss-hide="true" type="button"><i class="ld ld-Plus" style="font-size: 1.5rem; vertical-align: -0.25em; width: 1.5rem; height: 1.5rem; box-sizing: content-box;" title="add to cart"></i><span class="mr2">Add</span></button></div></div></div><div class="mt3"></div></div><div class=""><div class="flex flex-wrap justify-start items-center lh-title mb1" data-automation-id="product-price"><div aria-hidden="true" class="mr1 mr2-xl b black green lh-solid f5 f4-l"><span class="f3 mr1">Now</span><span class="f6 f5-l" style="vertical-align: 0.65ex; margin-right: 2px;">$</span><span class="f2">1</span><span class="f6 f5-l" style="vertical-align: 0.75ex;">97</span></div><span class="w_iUH7">current price Now $1.97</span><div aria-hidden="true" class="gray mr1 strike f6 f4-l flex items-end mt1">$2.24</div><span class="w_iUH7">Was $2.24</span><div class="gray mr1 f6 f5-l flex items-end mt1">$3.94/lb</div></div><span class="w_V_DM" style="-webkit-line-clamp: 3; padding-bottom: 0.1em; margin-bottom: -0.1em;"><span class="normal dark-gray mb0 mt1 lh-title f6 f5-l lh-copy" data-automation-id="product-title">Great Value Finely Shredded Mild Cheddar Cheese, 8 oz</span></span><div class="mt2"><img alt="ebt" aria-hidden="true" class="v-mid pb1 mr2" height="20" loading="lazy" src="//i5.walmartimages.com/dfw/63fd9f59-2845/2044d79e-92d5-4c08-90a2-0480444a877f/v1/EBT-Logo.svg" width="30"/><span class="gray f6-l f5-m">EBT eligible</span></div><div></div><div class="mt2" data-automation-id="fulfillment-badge"><div class="f7 flex self-baseline dark-gray"><div>Pickup <span class="b">today</span></div></div></div></div></div></div></div></div></div><div class="mb0 ph0-xl pt0-xl bb b--near-white w-25 pb3-m ph1"><div class="h-100 pr4-xl pt3" io-id="1UT8RSDKJJUI" style="contain-intrinsic-size: 198px 340px;"><div class="sans-serif mid-gray relative flex flex-column w-100 hide-child-opacity" data-item-id="1UT8RSDKJJUI" role="group"><a class="w-100 h-100 z-1 hide-sibling-opacity absolute" href="/ip/Great-Value-Block-Colby-Monterey-Jack-Cheese-8-oz/34186940?classType=REGULAR&amp;from=/search" link-identifier="34186940" target=""><span class="w_iUH7">Great Value Block Colby &amp; Monterey Jack Cheese, 8 oz </span></a><div class="" data-testid="list-view"><div class=""><div class=""><div class="h2 relative nowrap mb1"></div><div class="relative"><div class="relative overflow-hidden" style="max-width: 290px; height: 0px; padding-bottom: min(290px, 100%); align-self: center; width: min(290px, 100%);"><span><button aria-label="Sign in to add to Favorites list, Great Value Block Colby &amp; Monterey Jack Cheese, 8 oz" class="bg-white pointer pa0 black bn mt1 mr1 pa1 br4 absolute top-0 right-0 z-2" data-automation-id="heart-item" style="width: 32px; height: 32px;" type="button"><i aria-hidden="true" class="ld ld-Heart" style="font-size: 1.5rem; vertical-align: -0.25em; padding-top: 1px; width: 1.5rem; height: 1.5rem; box-sizing: content-box;"></i></button></span><img alt="Great Value Block Colby &amp; Monterey Jack Cheese, 8 oz" class="absolute top-0 left-0" data-testid="productTileImage" height="" id="is-0-productImage-18" loading="lazy" src="https://i5.walmartimages.com/seo/Great-Value-Block-Colby-Monterey-Jack-Cheese-8-oz_ae906948-4393-40f1-b72c-551f5818a1be.132f19b5b9fa5a26f5d2ca2615c06125.jpeg?odnHeight=580&amp;odnWidth=580&amp;odnBg=FFFFFF" srcset="https://i5.walmartimages.com/seo/Great-Value-Block-Colby-Monterey-Jack-Cheese-8-oz_ae906948-4393-40f1-b72c-551f5818a1be.132f19b5b9fa5a26f5d2ca2615c06125.jpeg?odnHeight=290&amp;odnWidth=290&amp;odnBg=FFFFFF 1x, https://i5.walmartimages.com/seo/Great-Value-Block-Colby-Monterey-Jack-Cheese-8-oz_ae906948-4393-40f1-b72c-551f5818a1be.132f19b5b9fa5a26f5d2ca2615c06125.jpeg?odnHeight=580&amp;odnWidth=580&amp;odnBg=FFFFFF 2x" width=""/></div><div class="z-2 relative mt3"><div class="relative dib flex-row-reverse" data-id="1UT8RSDKJJUI"><button aria-label="Add to cart - Great Value Block Colby &amp; Monterey Jack Cheese, 8 oz" class="w_hhLG w_8nsR w_jDfj pointer bn sans-serif b ph2 flex items-center justify-center w-auto shadow-1" data-automation-id="add-to-cart" data-pcss-hide="true" type="button"><i class="ld ld-Plus" style="font-size: 1.5rem; vertical-align: -0.25em; width: 1.5rem; height: 1.5rem; box-sizing: content-box;" title="add to cart"></i><span class="mr2">Add</span></button></div></div></div><div class="mt3"></div></div><div class=""><div class="flex flex-wrap justify-start items-center lh-title mb1" data-automation-id="product-price"><div aria-hidden="true" class="mr1 mr2-xl b black lh-solid f5 f4-l"><span class="f3"></span><span class="f6 f5-l" style="vertical-align: 0.65ex; margin-right: 2px;">$</span><span class="f2">2</span><span class="f6 f5-l" style="vertical-align: 0.75ex;">24</span></div><span class="w_iUH7">current price $2.24</span><div class="gray mr1 f6 f5-l flex items-end mt1">$4.48/lb</div></div><span class="w_V_DM" style="-webkit-line-clamp: 3; padding-bottom: 0.1em; margin-bottom: -0.1em;"><span class="normal dark-gray mb0 mt1 lh-title f6 f5-l lh-copy" data-automation-id="product-title">Great Value Block Colby &amp; Monterey Jack Cheese, 8 oz</span></span><div class="mt2"><img alt="ebt" aria-hidden="true" class="v-mid pb1 mr2" height="20" loading="lazy" src="//i5.walmartimages.com/dfw/63fd9f59-2845/2044d79e-92d5-4c08-90a2-0480444a877f/v1/EBT-Logo.svg" width="30"/><span class="gray f6-l f5-m">EBT eligible</span></div><div></div><div class="mt2" data-automation-id="fulfillment-badge"><div class="f7 flex self-baseline dark-gray"><div>Pickup <span class="b">today</span></div></div></div></div></div></div></div></div></div><div class="mb0 ph0-xl pt0-xl bb b--near-white w-25 pb3-m ph1"><div class="h-100 pr4-xl pt3" io-id="0TBUMVHLV73U" style="contain-intrinsic-size: 198px 340px;"><div class="sans-serif mid-gray relative flex flex-column w-100 hide-child-opacity" data-item-id="0TBUMVHLV73U" role="group"><a class="w-100 h-100 z-1 hide-sibling-opacity absolute" href="/ip/Great-Value-Block-Sharp-Cheddar-Cheese-8-oz/34186946?classType=REGULAR&amp;from=/search" link-identifier="34186946" target=""><span class="w_iUH7">Great Value Block Sharp Cheddar Cheese, 8 oz </span></a><div class="" data-testid="list-view"><div class=""><div class=""><div class="h2 relative nowrap mb1"></div><div class="relative"><div class="relative overflow-hidden" style="max-width: 290px; height: 0px; padding-bottom: min(290px, 100%); align-self: center; width: min(290px, 100%);"><span><button aria-label="Sign in to add to Favorites list, Great Value Block Sharp Cheddar Cheese, 8 oz" class="bg-white pointer pa0 black bn mt1 mr1 pa1 br4 absolute top-0 right-0 z-2" data-automation-id="heart-item" style="width: 32px; height: 32px;" type="button"><i aria-hidden="true" class="ld ld-Heart" style="font-size: 1.5rem; vertical-align: -0.25em; padding-top: 1px; width: 1.5rem; height: 1.5rem; box-sizing: content-box;"></i></button></span><img alt="Great Value Block Sharp Cheddar Cheese, 8 oz" class="absolute top-0 left-0" data-testid="productTileImage" height="" id="is-0-productImage-19" loading="lazy" src="https://i5.walmartimages.com/seo/Great-Value-Block-Sharp-Cheddar-Cheese-8-oz_02e6f5eb-e1b7-4bab-9fd5-5a1705bd19e4.442e2dc5fc0d825b7f23979b4cfcd805.jpeg?odnHeight=580&amp;odnWidth=580&amp;odnBg=FFFFFF" srcset="https://i5.walmartimages.com/seo/Great-Value-Block-Sharp-Cheddar-Cheese-8-oz_02e6f5eb-e1b7-4bab-9fd5-5a1705bd19e4.442e2dc5fc0d825b7f23979b4cfcd805.jpeg?odnHeight=290&amp;odnWidth=290&amp;odnBg=FFFFFF 1x, https://i5.walmartimages.com/seo/Great-Value-Block-Sharp-Cheddar-Cheese-8-oz_02e6f5eb-e1b7-4bab-9fd5-5a1705bd19e4.442e2dc5fc0d825b7f23979b4cfcd805.jpeg?odnHeight=580&amp;odnWidth=580&amp;odnBg=FFFFFF 2x" width=""/></div><div class="z-2 relative mt3"><div class="relative dib flex-row-reverse" data-id="0TBUMVHLV73U"><button aria-label="Add to cart - Great Value Block Sharp Cheddar Cheese, 8 oz" class="w_hhLG w_8nsR w_jDfj pointer bn sans-serif b ph2 flex items-center justify-center w-auto shadow-1" data-automation-id="add-to-cart" data-pcss-hide="true" type="button"><i class="ld ld-Plus" style="font-size: 1.5rem; vertical-align: -0.25em; width: 1.5rem; height: 1.5rem; box-sizing: content-box;" title="add to cart"></i><span class="mr2">Add</span></button></div></div></div><div class="mt3"></div></div><div class=""><div class="flex flex-wrap justify-start items-center lh-title mb1" data-automation-id="product-price"><div aria-hidden="true" class="mr1 mr2-xl b black lh-solid f5 f4-l"><span class="f3"></span><span class="f6 f5-l" style="vertical-align: 0.65ex; margin-right: 2px;">$</span><span class="f2">2</span><span class="f6 f5-l" style="vertical-align: 0.75ex;">24</span></div><span class="w_iUH7">current price $2.24</span><div class="gray mr1 f6 f5-l flex items-end mt1">$4.48/lb</div></div><span class="w_V_DM" style="-webkit-line-clamp: 3; padding-bottom: 0.1em; margin-bottom: -0.1em;"><span class="normal dark-gray mb0 mt1 lh-title f6 f5-l lh-copy" data-automation-id="product-title">Great Value Block Sharp Cheddar Cheese, 8 oz</span></span><div class="mt2"><img alt="ebt" aria-hidden="true" class="v-mid pb1 mr2" height="20" loading="lazy" src="//i5.walmartimages.com/dfw/63fd9f59-2845/2044d79e-92d5-4c08-90a2-0480444a877f/v1/EBT-Logo.svg" width="30"/><span class="gray f6-l f5-m">EBT eligible</span></div><div></div><div class="mt2" data-automation-id="fulfillment-badge"><div class="f7 flex self-baseline dark-gray"><div>Pickup <span class="b">today</span></div></div></div></div></div></div></div></div></div><div class="mb0 ph0-xl pt0-xl bb b--near-white w-25 pb3-m ph1"><div class="h-100 pr4-xl pt3" io-id="2GZZ5UTF9LUB" style="contain-intrinsic-size: 198px 340px;"><div class="sans-serif mid-gray relative flex flex-column w-100 hide-child-opacity" data-item-id="2GZZ5UTF9LUB" role="group"><a class="w-100 h-100 z-1 hide-sibling-opacity absolute" href="/ip/Great-Value-Block-Sharp-Cheddar-Cheese-16-oz/10452385?classType=REGULAR&amp;from=/search" link-identifier="10452385" target=""><span class="w_iUH7">Great Value Block Sharp Cheddar Cheese, 16 oz </span></a><div class="" data-testid="list-view"><div class=""><div class=""><div class="h2 relative nowrap mb1"></div><div class="relative"><div class="relative overflow-hidden" style="max-width: 290px; height: 0px; padding-bottom: min(290px, 100%); align-self: center; width: min(290px, 100%);"><span><button aria-label="Sign in to add to Favorites list, Great Value Block Sharp Cheddar Cheese, 16 oz" class="bg-white pointer pa0 black bn mt1 mr1 pa1 br4 absolute top-0 right-0 z-2" data-automation-id="heart-item" style="width: 32px; height: 32px;" type="button"><i aria-hidden="true" class="ld ld-Heart" style="font-size: 1.5rem; vertical-align: -0.25em; padding-top: 1px; width: 1.5rem; height: 1.5rem; box-sizing: content-box;"></i></button></span><img alt="Great Value Block Sharp Cheddar Cheese, 16 oz" class="absolute top-0 left-0" data-testid="productTileImage" height="" id="is-0-productImage-20" loading="lazy" src="https://i5.walmartimages.com/seo/Great-Value-Block-Sharp-Cheddar-Cheese-16-oz_1d30bb5f-11e0-439d-98b0-a43dccc9a8f5.bc418dff1da1d23cd5db80a5186cf6ce.jpeg?odnHeight=580&amp;odnWidth=580&amp;odnBg=FFFFFF" srcset="https://i5.walmartimages.com/seo/Great-Value-Block-Sharp-Cheddar-Cheese-16-oz_1d30bb5f-11e0-439d-98b0-a43dccc9a8f5.bc418dff1da1d23cd5db80a5186cf6ce.jpeg?odnHeight=290&amp;odnWidth=290&amp;odnBg=FFFFFF 1x, https://i5.walmartimages.com/seo/Great-Value-Block-Sharp-Cheddar-Cheese-16-oz_1d30bb5f-11e0-439d-98b0-a43dccc9a8f5.bc418dff1da1d23cd5db80a5186cf6ce.jpeg?odnHeight=580&amp;odnWidth=580&amp;odnBg=FFFFFF 2x" width=""/></div><div class="z-2 relative mt3"><div class="relative dib flex-row-reverse" data-id="2GZZ5UTF9LUB"><button aria-label="Add to cart - Great Value Block Sharp Cheddar Cheese, 16 oz" class="w_hhLG w_8nsR w_jDfj pointer bn sans-serif b ph2 flex items-center justify-center w-auto shadow-1" data-automation-id="add-to-cart" data-pcss-hide="true" type="button"><i class="ld ld-Plus" style="font-size: 1.5rem; vertical-align: -0.25em; width: 1.5rem; height: 1.5rem; box-sizing: content-box;" title="add to cart"></i><span class="mr2">Add</span></button></div></div></div><div class="mt3"></div></div><div class=""><div class="flex flex-wrap justify-start items-center lh-title mb1" data-automation-id="product-price"><div aria-hidden="true" class="mr1 mr2-xl b black lh-solid f5 f4-l"><span class="f3"></span><span class="f6 f5-l" style="vertical-align: 0.65ex; margin-right: 2px;">$</span><span class="f2">4</span><span class="f6 f5-l" style="vertical-align: 0.75ex;">22</span></div><span class="w_iUH7">current price $4.22</span><div class="gray mr1 f6 f5-l flex items-end mt1">$4.22/lb</div></div><span class="w_V_DM" style="-webkit-line-clamp: 3; padding-bottom: 0.1em; margin-bottom: -0.1em;"><span class="normal dark-gray mb0 mt1 lh-title f6 f5-l lh-copy" data-automation-id="product-title">Great Value Block Sharp Cheddar Cheese, 16 oz</span></span><div class="mt2"><img alt="ebt" aria-hidden="true" class="v-mid pb1 mr2" height="20" loading="lazy" src="//i5.walmartimages.com/dfw/63fd9f59-2845/2044d79e-92d5-4c08-90a2-0480444a877f/v1/EBT-Logo.svg" width="30"/><span class="gray f6-l f5-m">EBT eligible</span></div><div></div><div class="mt2" data-automation-id="fulfillment-badge"><div class="f7 flex self-baseline dark-gray"><div>Pickup <span class="b">today</span></div></div></div></div></div></div></div></div></div><div class="mb0 ph0-xl pt0-xl bb b--near-white w-25 pb3-m ph1"><div class="h-100 pr4-xl pt3" io-id="79SPZEJRJ203" style="contain-intrinsic-size: 198px 340px;"><div class="sans-serif mid-gray relative flex flex-column w-100 hide-child-opacity" data-item-id="79SPZEJRJ203" role="group"><a class="w-100 h-100 z-1 hide-sibling-opacity absolute" href="https://www.walmart.com/sp/track?bt=1&amp;eventST=click&amp;plmt=sp-search-middle~desktop~&amp;pos=21&amp;tax=976759_9176907_1001468_4800400&amp;rdf=1&amp;rd=https%3A%2F%2Fwww.walmart.com%2Fip%2FCabot-Creamery-Bar-Extra-Sharp-Cheddar-Cheese-8-oz-Refridgerated-Vacuum-Pack%2F10315505%3FclassType%3DREGULAR%26athbdg%3DL1600%26adsRedirect%3Dtrue&amp;adUid=6637d0d3-798d-45f2-bbf3-e039cb0f7a20&amp;mloc=sp-search-middle&amp;pltfm=desktop&amp;pgId=cheese&amp;pt=search&amp;spQs=Jp1IkDeWKzfwXzwSPZ4fm7Bem6L6adYFFLBFLUzWJ-k8bnBc28s0HB9Uqlz2FnbddBddAdLFkOsOdwifk-siMaJLOqR3N38sb7AkodFIxREzJrmIntbzViQbWfmr-arP52RyPkqOodYRn_GGXCgWqPGuSOSMQVeb2H1isfLJJQis7xS7CXeW4J22gbPFUJFJxDRQmXuGI3HzPSNx_EdB5FaLt_8NTu83DZGEf25Y5WOSd5iE4P8Yr6rCWHhabDSS&amp;storeId=3795&amp;specificity=broad&amp;specificityScore=0.16032135&amp;couponState=na&amp;bkt=ace1_default%7Cace2_default%7Cace3_11293%7Cbb_11237%7Ccoldstart_on%7Csearch_Inhouse_ANN_Launch_Web&amp;classType=REGULAR&amp;athbdg=L1600" link-identifier="10315505" target=""><span class="w_iUH7">Cabot Creamery Extra Sharp Cheddar Cheese Bar 8 oz (Refrigerated) </span></a><div class="" data-testid="list-view"><div class=""><div class=""><div class="h2 relative nowrap mb1"><span class="w_VbBP w_mFV6 w_I_19 w_3oNC w_AAn7 tag-leading-badge absolute" style="background: rgb(230, 241, 252); color: rgb(0, 79, 154); border-radius: 4px; font-weight: 700;">Best seller</span></div><div class="relative"><div class="relative overflow-hidden" style="max-width: 290px; height: 0px; padding-bottom: min(290px, 100%); align-self: center; width: min(290px, 100%);"><span><button aria-label="Sign in to add to Favorites list, Cabot Creamery Extra Sharp Cheddar Cheese Bar 8 oz (Refrigerated)" class="bg-white pointer pa0 black bn mt1 mr1 pa1 br4 absolute top-0 right-0 z-2" data-automation-id="heart-item" style="width: 32px; height: 32px;" type="button"><i aria-hidden="true" class="ld ld-Heart" style="font-size: 1.5rem; vertical-align: -0.25em; padding-top: 1px; width: 1.5rem; height: 1.5rem; box-sizing: content-box;"></i></button></span><img alt="Cabot Creamery Extra Sharp Cheddar Cheese Bar 8 oz (Refrigerated)" class="absolute top-0 left-0" data-testid="productTileImage" height="" id="is-0-productImage-21" loading="lazy" src="https://i5.walmartimages.com/seo/Cabot-Creamery-Extra-Sharp-Cheddar-Cheese-Bar-8-oz-Refrigerated_27fff4b9-b473-48df-a0aa-2eb5705fcf45.cd54b6790ed68e2e072e0d02ca6ff60e.jpeg?odnHeight=580&amp;odnWidth=580&amp;odnBg=FFFFFF" srcset="https://i5.walmartimages.com/seo/Cabot-Creamery-Extra-Sharp-Cheddar-Cheese-Bar-8-oz-Refrigerated_27fff4b9-b473-48df-a0aa-2eb5705fcf45.cd54b6790ed68e2e072e0d02ca6ff60e.jpeg?odnHeight=290&amp;odnWidth=290&amp;odnBg=FFFFFF 1x, https://i5.walmartimages.com/seo/Cabot-Creamery-Extra-Sharp-Cheddar-Cheese-Bar-8-oz-Refrigerated_27fff4b9-b473-48df-a0aa-2eb5705fcf45.cd54b6790ed68e2e072e0d02ca6ff60e.jpeg?odnHeight=580&amp;odnWidth=580&amp;odnBg=FFFFFF 2x" width=""/></div><div class="z-2 relative mt3"><div class="relative dib flex-row-reverse" data-id="79SPZEJRJ203"><button aria-label="Add to cart - Cabot Creamery Extra Sharp Cheddar Cheese Bar 8 oz (Refrigerated)" class="w_hhLG w_8nsR w_jDfj pointer bn sans-serif b ph2 flex items-center justify-center w-auto shadow-1" data-automation-id="add-to-cart" data-pcss-hide="true" type="button"><i class="ld ld-Plus" style="font-size: 1.5rem; vertical-align: -0.25em; width: 1.5rem; height: 1.5rem; box-sizing: content-box;" title="add to cart"></i><span class="mr2">Add</span></button></div></div></div><div class="mt2 mb1" data-testid="variant-79SPZEJRJ203" style="height: 24px;"><div class="flex items-center lh-title h2-l normal"><div class="gray f7 flex items-center"><div>Sponsored</div><div class="z-2"><button aria-label="Ad disclaimer and feedback" class="w_hhLG w_DZvO w_0_LY pointer pl1 no-underline pt3 pb3" title="Ad disclaimer and feedback" type="button"><i class="ld ld-InfoCircle" style="font-size: 1rem; vertical-align: -0.175em; width: 1rem; height: 1rem; box-sizing: content-box;"></i></button></div></div></div></div></div><div class=""><div class="flex flex-wrap justify-start items-center lh-title mb1" data-automation-id="product-price"><div aria-hidden="true" class="mr1 mr2-xl b black lh-solid f5 f4-l"><span class="f3"></span><span class="f6 f5-l" style="vertical-align: 0.65ex; margin-right: 2px;">$</span><span class="f2">2</span><span class="f6 f5-l" style="vertical-align: 0.75ex;">87</span></div><span class="w_iUH7">current price $2.87</span><div class="gray mr1 f6 f5-l flex items-end mt1">$5.74/lb</div></div><span class="w_V_DM" style="-webkit-line-clamp: 3; padding-bottom: 0.1em; margin-bottom: -0.1em;"><span class="normal dark-gray mb0 mt1 lh-title f6 f5-l lh-copy" data-automation-id="product-title">Cabot Creamery Extra Sharp Cheddar Cheese Bar 8 oz (Refrigerated)</span></span><div class="flex items-center mt2"><div class="w_ExHd w_y6ym mr1"><svg class="w_D5ag w_6H0I w_1jp4" viewbox="0 0 22 22" xmlns="http://www.w3.org/2000/svg"><path d="m13.562 7.028.17.354.387.062 6.226.999c.011.002.029.008.047.034.018.026.03.063.023.106a.133.133 0 0 1-.034.073l-4.476 4.64-.274.284.079.387 1.321 6.467c.009.042 0 .08-.017.109-.018.028-.036.036-.049.04a.04.04 0 0 1-.014 0 .05.05 0 0 1-.017-.006l-5.926-3.032-.341-.175-.342.175-5.926 3.032a.046.046 0 0 1-.02.006c-.004 0-.01 0-.017-.003-.013-.004-.034-.017-.05-.05a.155.155 0 0 1-.01-.096l1.322-6.467.079-.387-.274-.284-4.477-4.64a.136.136 0 0 1-.035-.095c0-.042.014-.075.034-.096a.067.067 0 0 1 .037-.022l6.226-.999.388-.062.17-.354 2.83-5.892c.016-.033.037-.045.05-.05a.045.045 0 0 1 .018-.003c.004 0 .01.002.02.007a.1.1 0 0 1 .04.046l2.832 5.892Z"></path></svg><svg class="w_D5ag w_6H0I w_1jp4" viewbox="0 0 22 22" xmlns="http://www.w3.org/2000/svg"><path d="m13.562 7.028.17.354.387.062 6.226.999c.011.002.029.008.047.034.018.026.03.063.023.106a.133.133 0 0 1-.034.073l-4.476 4.64-.274.284.079.387 1.321 6.467c.009.042 0 .08-.017.109-.018.028-.036.036-.049.04a.04.04 0 0 1-.014 0 .05.05 0 0 1-.017-.006l-5.926-3.032-.341-.175-.342.175-5.926 3.032a.046.046 0 0 1-.02.006c-.004 0-.01 0-.017-.003-.013-.004-.034-.017-.05-.05a.155.155 0 0 1-.01-.096l1.322-6.467.079-.387-.274-.284-4.477-4.64a.136.136 0 0 1-.035-.095c0-.042.014-.075.034-.096a.067.067 0 0 1 .037-.022l6.226-.999.388-.062.17-.354 2.83-5.892c.016-.033.037-.045.05-.05a.045.045 0 0 1 .018-.003c.004 0 .01.002.02.007a.1.1 0 0 1 .04.046l2.832 5.892Z"></path></svg><svg class="w_D5ag w_6H0I w_1jp4" viewbox="0 0 22 22" xmlns="http://www.w3.org/2000/svg"><path d="m13.562 7.028.17.354.387.062 6.226.999c.011.002.029.008.047.034.018.026.03.063.023.106a.133.133 0 0 1-.034.073l-4.476 4.64-.274.284.079.387 1.321 6.467c.009.042 0 .08-.017.109-.018.028-.036.036-.049.04a.04.04 0 0 1-.014 0 .05.05 0 0 1-.017-.006l-5.926-3.032-.341-.175-.342.175-5.926 3.032a.046.046 0 0 1-.02.006c-.004 0-.01 0-.017-.003-.013-.004-.034-.017-.05-.05a.155.155 0 0 1-.01-.096l1.322-6.467.079-.387-.274-.284-4.477-4.64a.136.136 0 0 1-.035-.095c0-.042.014-.075.034-.096a.067.067 0 0 1 .037-.022l6.226-.999.388-.062.17-.354 2.83-5.892c.016-.033.037-.045.05-.05a.045.045 0 0 1 .018-.003c.004 0 .01.002.02.007a.1.1 0 0 1 .04.046l2.832 5.892Z"></path></svg><svg class="w_D5ag w_6H0I w_1jp4" viewbox="0 0 22 22" xmlns="http://www.w3.org/2000/svg"><path d="m13.562 7.028.17.354.387.062 6.226.999c.011.002.029.008.047.034.018.026.03.063.023.106a.133.133 0 0 1-.034.073l-4.476 4.64-.274.284.079.387 1.321 6.467c.009.042 0 .08-.017.109-.018.028-.036.036-.049.04a.04.04 0 0 1-.014 0 .05.05 0 0 1-.017-.006l-5.926-3.032-.341-.175-.342.175-5.926 3.032a.046.046 0 0 1-.02.006c-.004 0-.01 0-.017-.003-.013-.004-.034-.017-.05-.05a.155.155 0 0 1-.01-.096l1.322-6.467.079-.387-.274-.284-4.477-4.64a.136.136 0 0 1-.035-.095c0-.042.014-.075.034-.096a.067.067 0 0 1 .037-.022l6.226-.999.388-.062.17-.354 2.83-5.892c.016-.033.037-.045.05-.05a.045.045 0 0 1 .018-.003c.004 0 .01.002.02.007a.1.1 0 0 1 .04.046l2.832 5.892Z"></path></svg><svg class="w_D5ag w_6H0I w_eDrS" viewbox="0 0 22 22" xmlns="http://www.w3.org/2000/svg"><path d="m13.562 7.028.17.354.387.062 6.226.999c.011.002.029.008.047.034.018.026.03.063.023.106a.133.133 0 0 1-.034.073l-4.476 4.64-.274.284.079.387 1.321 6.467c.009.042 0 .08-.017.109-.018.028-.036.036-.049.04a.04.04 0 0 1-.014 0 .05.05 0 0 1-.017-.006l-5.926-3.032-.341-.175-.342.175-5.926 3.032a.046.046 0 0 1-.02.006c-.004 0-.01 0-.017-.003-.013-.004-.034-.017-.05-.05a.155.155 0 0 1-.01-.096l1.322-6.467.079-.387-.274-.284-4.477-4.64a.136.136 0 0 1-.035-.095c0-.042.014-.075.034-.096a.067.067 0 0 1 .037-.022l6.226-.999.388-.062.17-.354 2.83-5.892c.016-.033.037-.045.05-.05a.045.045 0 0 1 .018-.003c.004 0 .01.002.02.007a.1.1 0 0 1 .04.046l2.832 5.892Z"></path></svg></div><span aria-hidden="true" class="sans-serif gray f7" data-testid="product-reviews" data-value="129">129</span><span class="w_iUH7">3.9 out of 5 Stars. 129 reviews</span></div><div class="mt2"><img alt="ebt" aria-hidden="true" class="v-mid pb1 mr2" height="20" loading="lazy" src="//i5.walmartimages.com/dfw/63fd9f59-2845/2044d79e-92d5-4c08-90a2-0480444a877f/v1/EBT-Logo.svg" width="30"/><span class="gray f6-l f5-m">EBT eligible</span></div><div></div><div class="mt2" data-automation-id="fulfillment-badge"><div class="f7 flex self-baseline dark-gray"><div>Pickup <span class="b">today</span></div></div></div></div></div></div></div></div></div><div class="mb0 ph0-xl pt0-xl bb b--near-white w-25 pb3-m ph1"><div class="h-100 pr4-xl pt3" io-id="7EZWZT4SKAY0" style="contain-intrinsic-size: 198px 340px;"><div class="sans-serif mid-gray relative flex flex-column w-100 hide-child-opacity" data-item-id="7EZWZT4SKAY0" role="group"><a class="w-100 h-100 z-1 hide-sibling-opacity absolute" href="https://www.walmart.com/sp/track?bt=1&amp;eventST=click&amp;plmt=sp-search-middle~desktop~&amp;pos=22&amp;tax=976759_9176907_1001468_4800400&amp;rdf=1&amp;rd=https%3A%2F%2Fwww.walmart.com%2Fip%2FBabybel-Original-Flavored-Snack-Cheese-12-7-oz-18-Count-Net-Refrigerated%2F1352857318%3FclassType%3DREGULAR%26athbdg%3DL1600%26adsRedirect%3Dtrue&amp;adUid=6637d0d3-798d-45f2-bbf3-e039cb0f7a20&amp;mloc=sp-search-middle&amp;pltfm=desktop&amp;pgId=cheese&amp;pt=search&amp;spQs=fVcWiRwFBztuR_dql-EofZVDCH5SK1ZjuFhGZ5Javi7M88p3biebnWZfczOJdhzpH6yKfyXdWWB0ufH2hLmwPJHKrOacVQ9kEZdY9evO3lo8ykQiXKKyQ1520vxlLmveJQxJk5GXbGhTGJ7tq6tFVWJ7Vt7ZO-PWie_csYHfSkcyISAr3O4O2KVAK8-HfXyMhrwf5aKCQv5nrlQOlxBEcZP77eqgW3OSManGEVp-3qx6EoSlkm_LeE-ZQuql-Fj1b6fOI22j5pRBlbcoqeNDeP9CW0sfUJZnqA0mzTgxc4I&amp;storeId=3795&amp;specificity=broad&amp;specificityScore=0.16032135&amp;couponState=na&amp;bkt=ace1_default%7Cace2_default%7Cace3_11293%7Cbb_11237%7Ccoldstart_on%7Csearch_Inhouse_ANN_Launch_Web&amp;classType=REGULAR&amp;athbdg=L1600" link-identifier="1352857318" target=""><span class="w_iUH7">Babybel Original Flavored Snack Cheese, 12.7 oz, 18 Count Net. Refrigerated </span></a><div class="" data-testid="list-view"><div class=""><div class=""><div class="h2 relative nowrap mb1"><span class="w_VbBP w_mFV6 w_I_19 w_3oNC w_AAn7 tag-leading-badge absolute" style="background: rgb(230, 241, 252); color: rgb(0, 79, 154); border-radius: 4px; font-weight: 700;">Best seller</span></div><div class="relative"><div class="relative overflow-hidden" style="max-width: 290px; height: 0px; padding-bottom: min(290px, 100%); align-self: center; width: min(290px, 100%);"><span><button aria-label="Sign in to add to Favorites list, Babybel Original Flavored Snack Cheese, 12.7 oz, 18 Count Net. Refrigerated" class="bg-white pointer pa0 black bn mt1 mr1 pa1 br4 absolute top-0 right-0 z-2" data-automation-id="heart-item" style="width: 32px; height: 32px;" type="button"><i aria-hidden="true" class="ld ld-Heart" style="font-size: 1.5rem; vertical-align: -0.25em; padding-top: 1px; width: 1.5rem; height: 1.5rem; box-sizing: content-box;"></i></button></span><img alt="Babybel Original Flavored Snack Cheese, 12.7 oz, 18 Count Net. Refrigerated" class="absolute top-0 left-0" data-testid="productTileImage" height="" id="is-0-productImage-22" loading="lazy" src="https://i5.walmartimages.com/seo/Babybel-Original-Flavored-Snack-Cheese-12-7-oz-18-Count-Net-Refrigerated_8689b2a5-4385-4c38-802d-b95bc22e6f1f.34a651ecabe7db282b8ee8377db732cd.png?odnHeight=580&amp;odnWidth=580&amp;odnBg=FFFFFF" srcset="https://i5.walmartimages.com/seo/Babybel-Original-Flavored-Snack-Cheese-12-7-oz-18-Count-Net-Refrigerated_8689b2a5-4385-4c38-802d-b95bc22e6f1f.34a651ecabe7db282b8ee8377db732cd.png?odnHeight=290&amp;odnWidth=290&amp;odnBg=FFFFFF 1x, https://i5.walmartimages.com/seo/Babybel-Original-Flavored-Snack-Cheese-12-7-oz-18-Count-Net-Refrigerated_8689b2a5-4385-4c38-802d-b95bc22e6f1f.34a651ecabe7db282b8ee8377db732cd.png?odnHeight=580&amp;odnWidth=580&amp;odnBg=FFFFFF 2x" width=""/></div><div class="z-2 relative mt3"><div class="relative dib flex-row-reverse" data-id="7EZWZT4SKAY0"><button aria-label="Add to cart - Babybel Original Flavored Snack Cheese, 12.7 oz, 18 Count Net. Refrigerated" class="w_hhLG w_8nsR w_jDfj pointer bn sans-serif b ph2 flex items-center justify-center w-auto shadow-1" data-automation-id="add-to-cart" data-pcss-hide="true" type="button"><i class="ld ld-Plus" style="font-size: 1.5rem; vertical-align: -0.25em; width: 1.5rem; height: 1.5rem; box-sizing: content-box;" title="add to cart"></i><span class="mr2">Add</span></button></div></div></div><div class="mt2 mb1" data-testid="variant-7EZWZT4SKAY0" style="height: 24px;"><div class="flex items-center lh-title h2-l normal"><div class="gray f7 flex items-center"><div>Sponsored</div><div class="z-2"><button aria-label="Ad disclaimer and feedback" class="w_hhLG w_DZvO w_0_LY pointer pl1 no-underline pt3 pb3" title="Ad disclaimer and feedback" type="button"><i class="ld ld-InfoCircle" style="font-size: 1rem; vertical-align: -0.175em; width: 1rem; height: 1rem; box-sizing: content-box;"></i></button></div></div></div></div></div><div class=""><div class="flex flex-wrap justify-start items-center lh-title mb1" data-automation-id="product-price"><div aria-hidden="true" class="mr1 mr2-xl b black lh-solid f5 f4-l"><span class="f3"></span><span class="f6 f5-l" style="vertical-align: 0.65ex; margin-right: 2px;">$</span><span class="f2">9</span><span class="f6 f5-l" style="vertical-align: 0.75ex;">78</span></div><span class="w_iUH7">current price $9.78</span><div class="gray mr1 f6 f5-l flex items-end mt1">$12.32/lb</div></div><span class="w_V_DM" style="-webkit-line-clamp: 3; padding-bottom: 0.1em; margin-bottom: -0.1em;"><span class="normal dark-gray mb0 mt1 lh-title f6 f5-l lh-copy" data-automation-id="product-title">Babybel Original Flavored Snack Cheese, 12.7 oz, 18 Count Net. Refrigerated</span></span><div class="flex items-center mt2"><div class="w_ExHd w_y6ym mr1"><svg class="w_D5ag w_6H0I w_1jp4" viewbox="0 0 22 22" xmlns="http://www.w3.org/2000/svg"><path d="m13.562 7.028.17.354.387.062 6.226.999c.011.002.029.008.047.034.018.026.03.063.023.106a.133.133 0 0 1-.034.073l-4.476 4.64-.274.284.079.387 1.321 6.467c.009.042 0 .08-.017.109-.018.028-.036.036-.049.04a.04.04 0 0 1-.014 0 .05.05 0 0 1-.017-.006l-5.926-3.032-.341-.175-.342.175-5.926 3.032a.046.046 0 0 1-.02.006c-.004 0-.01 0-.017-.003-.013-.004-.034-.017-.05-.05a.155.155 0 0 1-.01-.096l1.322-6.467.079-.387-.274-.284-4.477-4.64a.136.136 0 0 1-.035-.095c0-.042.014-.075.034-.096a.067.067 0 0 1 .037-.022l6.226-.999.388-.062.17-.354 2.83-5.892c.016-.033.037-.045.05-.05a.045.045 0 0 1 .018-.003c.004 0 .01.002.02.007a.1.1 0 0 1 .04.046l2.832 5.892Z"></path></svg><svg class="w_D5ag w_6H0I w_1jp4" viewbox="0 0 22 22" xmlns="http://www.w3.org/2000/svg"><path d="m13.562 7.028.17.354.387.062 6.226.999c.011.002.029.008.047.034.018.026.03.063.023.106a.133.133 0 0 1-.034.073l-4.476 4.64-.274.284.079.387 1.321 6.467c.009.042 0 .08-.017.109-.018.028-.036.036-.049.04a.04.04 0 0 1-.014 0 .05.05 0 0 1-.017-.006l-5.926-3.032-.341-.175-.342.175-5.926 3.032a.046.046 0 0 1-.02.006c-.004 0-.01 0-.017-.003-.013-.004-.034-.017-.05-.05a.155.155 0 0 1-.01-.096l1.322-6.467.079-.387-.274-.284-4.477-4.64a.136.136 0 0 1-.035-.095c0-.042.014-.075.034-.096a.067.067 0 0 1 .037-.022l6.226-.999.388-.062.17-.354 2.83-5.892c.016-.033.037-.045.05-.05a.045.045 0 0 1 .018-.003c.004 0 .01.002.02.007a.1.1 0 0 1 .04.046l2.832 5.892Z"></path></svg><svg class="w_D5ag w_6H0I w_1jp4" viewbox="0 0 22 22" xmlns="http://www.w3.org/2000/svg"><path d="m13.562 7.028.17.354.387.062 6.226.999c.011.002.029.008.047.034.018.026.03.063.023.106a.133.133 0 0 1-.034.073l-4.476 4.64-.274.284.079.387 1.321 6.467c.009.042 0 .08-.017.109-.018.028-.036.036-.049.04a.04.04 0 0 1-.014 0 .05.05 0 0 1-.017-.006l-5.926-3.032-.341-.175-.342.175-5.926 3.032a.046.046 0 0 1-.02.006c-.004 0-.01 0-.017-.003-.013-.004-.034-.017-.05-.05a.155.155 0 0 1-.01-.096l1.322-6.467.079-.387-.274-.284-4.477-4.64a.136.136 0 0 1-.035-.095c0-.042.014-.075.034-.096a.067.067 0 0 1 .037-.022l6.226-.999.388-.062.17-.354 2.83-5.892c.016-.033.037-.045.05-.05a.045.045 0 0 1 .018-.003c.004 0 .01.002.02.007a.1.1 0 0 1 .04.046l2.832 5.892Z"></path></svg><svg class="w_D5ag w_6H0I w_1jp4" viewbox="0 0 22 22" xmlns="http://www.w3.org/2000/svg"><path d="m13.562 7.028.17.354.387.062 6.226.999c.011.002.029.008.047.034.018.026.03.063.023.106a.133.133 0 0 1-.034.073l-4.476 4.64-.274.284.079.387 1.321 6.467c.009.042 0 .08-.017.109-.018.028-.036.036-.049.04a.04.04 0 0 1-.014 0 .05.05 0 0 1-.017-.006l-5.926-3.032-.341-.175-.342.175-5.926 3.032a.046.046 0 0 1-.02.006c-.004 0-.01 0-.017-.003-.013-.004-.034-.017-.05-.05a.155.155 0 0 1-.01-.096l1.322-6.467.079-.387-.274-.284-4.477-4.64a.136.136 0 0 1-.035-.095c0-.042.014-.075.034-.096a.067.067 0 0 1 .037-.022l6.226-.999.388-.062.17-.354 2.83-5.892c.016-.033.037-.045.05-.05a.045.045 0 0 1 .018-.003c.004 0 .01.002.02.007a.1.1 0 0 1 .04.046l2.832 5.892Z"></path></svg><svg class="w_D5ag w_6H0I w_HGbC" viewbox="0 0 22 22" xmlns="http://www.w3.org/2000/svg"><path class="w_sX0E" d="M11 2.174a.825.825 0 0 0-.74.478L8.375 7.424l-5.662.628a.816.816 0 0 0-.463.247c-.322.34-.32.89.006 1.227l3.494 4.023-1.174 6.039a.905.905 0 0 0 .066.562c.2.43.697.61 1.108.399l5.25-3.5V2.174Z"></path><path class="w_eDrS" d="M11 2.002v15.5M13.895 7.082l.17.354.387.062 6.226.999c.011.001.03.008.047.034.018.026.03.063.023.106a.133.133 0 0 1-.034.073l-4.476 4.64-.274.284.08.387 1.32 6.467a.15.15 0 0 1-.017.109c-.017.027-.036.036-.048.039a.04.04 0 0 1-.015 0 .05.05 0 0 1-.017-.005L11.342 17.6 11 17.424l-.342.175-5.925 3.032a.046.046 0 0 1-.02.006c-.005 0-.01 0-.018-.003-.013-.005-.034-.017-.05-.05a.155.155 0 0 1-.01-.096l1.322-6.467.079-.387-.274-.284-4.477-4.64a.136.136 0 0 1-.035-.096c0-.041.015-.074.035-.095a.067.067 0 0 1 .037-.022l6.226-.999.387-.062.17-.354 2.831-5.892c.016-.033.036-.045.05-.05a.045.045 0 0 1 .017-.003c.004 0 .01.002.02.007a.1.1 0 0 1 .041.046l2.83 5.892Z"></path></svg></div><span aria-hidden="true" class="sans-serif gray f7" data-testid="product-reviews" data-value="1235">1235</span><span class="w_iUH7">4.7 out of 5 Stars. 1235 reviews</span></div><div class="mt2"><img alt="ebt" aria-hidden="true" class="v-mid pb1 mr2" height="20" loading="lazy" src="//i5.walmartimages.com/dfw/63fd9f59-2845/2044d79e-92d5-4c08-90a2-0480444a877f/v1/EBT-Logo.svg" width="30"/><span class="gray f6-l f5-m">EBT eligible</span></div><div></div><div class="mt2" data-automation-id="fulfillment-badge"><div class="f7 flex self-baseline dark-gray"><div>Pickup <span class="b">today</span></div></div></div></div></div></div></div></div></div><div class="mb0 ph0-xl pt0-xl bb b--near-white w-25 pb3-m ph1"><div class="h-100 pr4-xl pt3" io-id="38B9IZUQVHGO" style="contain-intrinsic-size: 198px 340px;"><div class="sans-serif mid-gray relative flex flex-column w-100 hide-child-opacity" data-item-id="38B9IZUQVHGO" role="group"><a class="w-100 h-100 z-1 hide-sibling-opacity absolute" href="/ip/Great-Value-Sliced-Non-Smoked-Provolone-Cheese-8-Oz/10451510?classType=REGULAR&amp;from=/search" link-identifier="10451510" target=""><span class="w_iUH7">Great Value Deli Style Sliced Non-Smoked Provolone Cheese, 8 oz, 12 Count </span></a><div class="" data-testid="list-view"><div class=""><div class=""><div class="h2 relative nowrap mb1"></div><div class="relative"><div class="relative overflow-hidden" style="max-width: 290px; height: 0px; padding-bottom: min(290px, 100%); align-self: center; width: min(290px, 100%);"><span><button aria-label="Sign in to add to Favorites list, Great Value Deli Style Sliced Non-Smoked Provolone Cheese, 8 oz, 12 Count" class="bg-white pointer pa0 black bn mt1 mr1 pa1 br4 absolute top-0 right-0 z-2" data-automation-id="heart-item" style="width: 32px; height: 32px;" type="button"><i aria-hidden="true" class="ld ld-Heart" style="font-size: 1.5rem; vertical-align: -0.25em; padding-top: 1px; width: 1.5rem; height: 1.5rem; box-sizing: content-box;"></i></button></span><img alt="Great Value Deli Style Sliced Non-Smoked Provolone Cheese, 8 oz, 12 Count" class="absolute top-0 left-0" data-testid="productTileImage" height="" id="is-0-productImage-23" loading="lazy" src="https://i5.walmartimages.com/seo/Great-Value-Deli-Style-Sliced-Non-Smoked-Provolone-Cheese-8-oz-12-Count_14eb3459-c5c7-43c1-afd8-9b15c0ebdfda.e211ead5d6347b9ec10b86d93e0e898d.jpeg?odnHeight=580&amp;odnWidth=580&amp;odnBg=FFFFFF" srcset="https://i5.walmartimages.com/seo/Great-Value-Deli-Style-Sliced-Non-Smoked-Provolone-Cheese-8-oz-12-Count_14eb3459-c5c7-43c1-afd8-9b15c0ebdfda.e211ead5d6347b9ec10b86d93e0e898d.jpeg?odnHeight=290&amp;odnWidth=290&amp;odnBg=FFFFFF 1x, https://i5.walmartimages.com/seo/Great-Value-Deli-Style-Sliced-Non-Smoked-Provolone-Cheese-8-oz-12-Count_14eb3459-c5c7-43c1-afd8-9b15c0ebdfda.e211ead5d6347b9ec10b86d93e0e898d.jpeg?odnHeight=580&amp;odnWidth=580&amp;odnBg=FFFFFF 2x" width=""/></div><div class="z-2 relative mt3"><div class="relative dib flex-row-reverse" data-id="38B9IZUQVHGO"><button aria-label="Add to cart - Great Value Deli Style Sliced Non-Smoked Provolone Cheese, 8 oz, 12 Count" class="w_hhLG w_8nsR w_jDfj pointer bn sans-serif b ph2 flex items-center justify-center w-auto shadow-1" data-automation-id="add-to-cart" data-pcss-hide="true" type="button"><i class="ld ld-Plus" style="font-size: 1.5rem; vertical-align: -0.25em; width: 1.5rem; height: 1.5rem; box-sizing: content-box;" title="add to cart"></i><span class="mr2">Add</span></button></div></div></div><div class="nt2" data-testid="variant-38B9IZUQVHGO" style="height: 24px;"></div></div><div class=""><div class="flex flex-wrap justify-start items-center lh-title mb1" data-automation-id="product-price"><div aria-hidden="true" class="mr1 mr2-xl b black lh-solid f5 f4-l"><span class="f3"></span><span class="f6 f5-l" style="vertical-align: 0.65ex; margin-right: 2px;">$</span><span class="f2">2</span><span class="f6 f5-l" style="vertical-align: 0.75ex;">24</span></div><span class="w_iUH7">current price $2.24</span><div class="gray mr1 f6 f5-l flex items-end mt1">$4.48/lb</div></div><span class="w_V_DM" style="-webkit-line-clamp: 3; padding-bottom: 0.1em; margin-bottom: -0.1em;"><span class="normal dark-gray mb0 mt1 lh-title f6 f5-l lh-copy" data-automation-id="product-title">Great Value Deli Style Sliced Non-Smoked Provolone Cheese, 8 oz, 12 Count</span></span><div class="mt2"><img alt="ebt" aria-hidden="true" class="v-mid pb1 mr2" height="20" loading="lazy" src="//i5.walmartimages.com/dfw/63fd9f59-2845/2044d79e-92d5-4c08-90a2-0480444a877f/v1/EBT-Logo.svg" width="30"/><span class="gray f6-l f5-m">EBT eligible</span></div><div></div><div class="mt2" data-automation-id="fulfillment-badge"><div class="f7 flex self-baseline dark-gray"><div>Pickup <span class="b">today</span></div></div></div></div></div></div></div></div></div><div class="mb0 ph0-xl pt0-xl bb b--near-white w-25 pb3-m ph1"><div class="h-100 pr4-xl pt3" io-id="35DBK9G4H99S" style="contain-intrinsic-size: 198px 340px;"><div class="sans-serif mid-gray relative flex flex-column w-100 hide-child-opacity" data-item-id="35DBK9G4H99S" role="group"><a class="w-100 h-100 z-1 hide-sibling-opacity absolute" href="/ip/Great-Value-Shredded-Low-Moisture-Part-Skim-Mozzarella-Cheese-32-oz/10452379?classType=REGULAR&amp;athbdg=L1300&amp;from=/search" link-identifier="10452379" target=""><span class="w_iUH7">Great Value Shredded Low-Moisture Part-Skim Mozzarella Cheese, 32 oz </span></a><div class="" data-testid="list-view"><div class=""><div class=""><div class="h2 relative nowrap mb1"><span class="w_VbBP w_WKt3 w_U23Z tag-leading-badge absolute" style="background: rgb(222, 28, 36); color: rgb(255, 255, 255); border-radius: 4px; font-weight: 700;">Rollback</span></div><div class="relative"><div class="relative overflow-hidden" style="max-width: 290px; height: 0px; padding-bottom: min(290px, 100%); align-self: center; width: min(290px, 100%);"><span><button aria-label="Sign in to add to Favorites list, Great Value Shredded Low-Moisture Part-Skim Mozzarella Cheese, 32 oz" class="bg-white pointer pa0 black bn mt1 mr1 pa1 br4 absolute top-0 right-0 z-2" data-automation-id="heart-item" style="width: 32px; height: 32px;" type="button"><i aria-hidden="true" class="ld ld-Heart" style="font-size: 1.5rem; vertical-align: -0.25em; padding-top: 1px; width: 1.5rem; height: 1.5rem; box-sizing: content-box;"></i></button></span><img alt="Great Value Shredded Low-Moisture Part-Skim Mozzarella Cheese, 32 oz" class="absolute top-0 left-0" data-testid="productTileImage" height="" id="is-0-productImage-24" loading="lazy" src="https://i5.walmartimages.com/seo/Great-Value-Shredded-Low-Moisture-Part-Skim-Mozzarella-Cheese-32-oz_23b05249-92b9-40a0-ba9a-0beacdfb5c60.8e54d42ece243cba956d9502b87bf9ac.jpeg?odnHeight=580&amp;odnWidth=580&amp;odnBg=FFFFFF" srcset="https://i5.walmartimages.com/seo/Great-Value-Shredded-Low-Moisture-Part-Skim-Mozzarella-Cheese-32-oz_23b05249-92b9-40a0-ba9a-0beacdfb5c60.8e54d42ece243cba956d9502b87bf9ac.jpeg?odnHeight=290&amp;odnWidth=290&amp;odnBg=FFFFFF 1x, https://i5.walmartimages.com/seo/Great-Value-Shredded-Low-Moisture-Part-Skim-Mozzarella-Cheese-32-oz_23b05249-92b9-40a0-ba9a-0beacdfb5c60.8e54d42ece243cba956d9502b87bf9ac.jpeg?odnHeight=580&amp;odnWidth=580&amp;odnBg=FFFFFF 2x" width=""/></div><div class="z-2 relative mt3"><div class="relative dib flex-row-reverse" data-id="35DBK9G4H99S"><button aria-label="Add to cart - Great Value Shredded Low-Moisture Part-Skim Mozzarella Cheese, 32 oz" class="w_hhLG w_8nsR w_jDfj pointer bn sans-serif b ph2 flex items-center justify-center w-auto shadow-1" data-automation-id="add-to-cart" data-pcss-hide="true" type="button"><i class="ld ld-Plus" style="font-size: 1.5rem; vertical-align: -0.25em; width: 1.5rem; height: 1.5rem; box-sizing: content-box;" title="add to cart"></i><span class="mr2">Add</span></button></div></div></div><div class="nt2" data-testid="variant-35DBK9G4H99S" style="height: 24px;"></div></div><div class=""><div class="flex flex-wrap justify-start items-center lh-title mb1" data-automation-id="product-price"><div aria-hidden="true" class="mr1 mr2-xl b black green lh-solid f5 f4-l"><span class="f3 mr1">Now</span><span class="f6 f5-l" style="vertical-align: 0.65ex; margin-right: 2px;">$</span><span class="f2">7</span><span class="f6 f5-l" style="vertical-align: 0.75ex;">38</span></div><span class="w_iUH7">current price Now $7.38</span><div aria-hidden="true" class="gray mr1 strike f6 f4-l flex items-end mt1">$8.24</div><span class="w_iUH7">Was $8.24</span><div class="gray mr1 f6 f5-l flex items-end mt1">$3.69/lb</div></div><span class="w_V_DM" style="-webkit-line-clamp: 3; padding-bottom: 0.1em; margin-bottom: -0.1em;"><span class="normal dark-gray mb0 mt1 lh-title f6 f5-l lh-copy" data-automation-id="product-title">Great Value Shredded Low-Moisture Part-Skim Mozzarella Cheese, 32 oz</span></span><div class="mt2"><img alt="ebt" aria-hidden="true" class="v-mid pb1 mr2" height="20" loading="lazy" src="//i5.walmartimages.com/dfw/63fd9f59-2845/2044d79e-92d5-4c08-90a2-0480444a877f/v1/EBT-Logo.svg" width="30"/><span class="gray f6-l f5-m">EBT eligible</span></div><div></div><div class="mt2" data-automation-id="fulfillment-badge"><div class="f7 flex self-baseline dark-gray"><div>Pickup <span class="b">today</span></div></div></div></div></div></div></div></div></div><div class="mb0 ph0-xl pt0-xl bb b--near-white w-25 pb3-m ph1"><div class="h-100 pr4-xl pt3" io-id="3BYBEM8OLG7B" style="contain-intrinsic-size: 198px 340px;"><div class="sans-serif mid-gray relative flex flex-column w-100 hide-child-opacity" data-item-id="3BYBEM8OLG7B" role="group"><a class="w-100 h-100 z-1 hide-sibling-opacity absolute" href="/ip/Great-Value-Deli-Style-Sliced-Pepper-Jack-Cheese-8-oz-12-Slices-Resealable-Plastic-Packaging/155066735?classType=REGULAR&amp;from=/search" link-identifier="155066735" target=""><span class="w_iUH7">Great Value Deli Style Sliced Pepper Jack Cheese, 8 oz, 12 Slices (Resealable Plastic Packaging) </span></a><div class="" data-testid="list-view"><div class=""><div class=""><div class="relative"><div class="relative overflow-hidden" style="max-width: 290px; height: 0px; padding-bottom: min(290px, 100%); align-self: center; width: min(290px, 100%);"><span><button aria-label="Sign in to add to Favorites list, Great Value Deli Style Sliced Pepper Jack Cheese, 8 oz, 12 Slices (Resealable Plastic Packaging)" class="bg-white pointer pa0 black bn mt1 mr1 pa1 br4 absolute top-0 right-0 z-2" data-automation-id="heart-item" style="width: 32px; height: 32px;" type="button"><i aria-hidden="true" class="ld ld-Heart" style="font-size: 1.5rem; vertical-align: -0.25em; padding-top: 1px; width: 1.5rem; height: 1.5rem; box-sizing: content-box;"></i></button></span><img alt="Great Value Deli Style Sliced Pepper Jack Cheese, 8 oz, 12 Slices (Resealable Plastic Packaging)" class="absolute top-0 left-0" data-testid="productTileImage" height="" id="is-0-productImage-25" loading="lazy" src="https://i5.walmartimages.com/seo/Great-Value-Deli-Style-Sliced-Pepper-Jack-Cheese-8-oz-12-Slices-Resealable-Plastic-Packaging_7c2cd8b0-779b-4805-8ca4-f526308eec9d.f90783dd52e768b34ea33eb2b2876a9a.jpeg?odnHeight=580&amp;odnWidth=580&amp;odnBg=FFFFFF" srcset="https://i5.walmartimages.com/seo/Great-Value-Deli-Style-Sliced-Pepper-Jack-Cheese-8-oz-12-Slices-Resealable-Plastic-Packaging_7c2cd8b0-779b-4805-8ca4-f526308eec9d.f90783dd52e768b34ea33eb2b2876a9a.jpeg?odnHeight=290&amp;odnWidth=290&amp;odnBg=FFFFFF 1x, https://i5.walmartimages.com/seo/Great-Value-Deli-Style-Sliced-Pepper-Jack-Cheese-8-oz-12-Slices-Resealable-Plastic-Packaging_7c2cd8b0-779b-4805-8ca4-f526308eec9d.f90783dd52e768b34ea33eb2b2876a9a.jpeg?odnHeight=580&amp;odnWidth=580&amp;odnBg=FFFFFF 2x" width=""/></div><div class="z-2 relative mt3"><div class="relative dib flex-row-reverse" data-id="3BYBEM8OLG7B"><button aria-label="Add to cart - Great Value Deli Style Sliced Pepper Jack Cheese, 8 oz, 12 Slices (Resealable Plastic Packaging)" class="w_hhLG w_8nsR w_jDfj pointer bn sans-serif b ph2 flex items-center justify-center w-auto shadow-1" data-automation-id="add-to-cart" data-pcss-hide="true" type="button"><i class="ld ld-Plus" style="font-size: 1.5rem; vertical-align: -0.25em; width: 1.5rem; height: 1.5rem; box-sizing: content-box;" title="add to cart"></i><span class="mr2">Add</span></button></div></div></div><div class="mt3"></div></div><div class=""><div class="flex flex-wrap justify-start items-center lh-title mb1" data-automation-id="product-price"><div aria-hidden="true" class="mr1 mr2-xl b black lh-solid f5 f4-l"><span class="f3"></span><span class="f6 f5-l" style="vertical-align: 0.65ex; margin-right: 2px;">$</span><span class="f2">2</span><span class="f6 f5-l" style="vertical-align: 0.75ex;">24</span></div><span class="w_iUH7">current price $2.24</span><div class="gray mr1 f6 f5-l flex items-end mt1">$4.48/lb</div></div><span class="w_V_DM" style="-webkit-line-clamp: 3; padding-bottom: 0.1em; margin-bottom: -0.1em;"><span class="normal dark-gray mb0 mt1 lh-title f6 f5-l lh-copy" data-automation-id="product-title">Great Value Deli Style Sliced Pepper Jack Cheese, 8 oz, 12 Slices (Resealable Plastic Packaging)</span></span><div class="mt2"><img alt="ebt" aria-hidden="true" class="v-mid pb1 mr2" height="20" loading="lazy" src="//i5.walmartimages.com/dfw/63fd9f59-2845/2044d79e-92d5-4c08-90a2-0480444a877f/v1/EBT-Logo.svg" width="30"/><span class="gray f6-l f5-m">EBT eligible</span></div><div></div><div class="mt2" data-automation-id="fulfillment-badge"><div class="f7 flex self-baseline dark-gray"><div>Pickup <span class="b">today</span></div></div></div></div></div></div></div></div></div><div class="mb0 ph0-xl pt0-xl bb b--near-white w-25 pb3-m ph1"><div class="h-100 pr4-xl pt3" io-id="5K9NSTUBDG3E" style="contain-intrinsic-size: 198px 340px;"><div class="sans-serif mid-gray relative flex flex-column w-100 hide-child-opacity" data-item-id="5K9NSTUBDG3E" role="group"><a class="w-100 h-100 z-1 hide-sibling-opacity absolute" href="/ip/Great-Value-Deli-Style-Sliced-Mild-Cheddar-Cheese-8-oz-12-Count/10452514?classType=REGULAR&amp;from=/search" link-identifier="10452514" target=""><span class="w_iUH7">Great Value Deli Style Sliced Mild Cheddar Cheese, 8 oz, 12 Count </span></a><div class="" data-testid="list-view"><div class=""><div class=""><div class="relative"><div class="relative overflow-hidden" style="max-width: 290px; height: 0px; padding-bottom: min(290px, 100%); align-self: center; width: min(290px, 100%);"><span><button aria-label="Sign in to add to Favorites list, Great Value Deli Style Sliced Mild Cheddar Cheese, 8 oz, 12 Count" class="bg-white pointer pa0 black bn mt1 mr1 pa1 br4 absolute top-0 right-0 z-2" data-automation-id="heart-item" style="width: 32px; height: 32px;" type="button"><i aria-hidden="true" class="ld ld-Heart" style="font-size: 1.5rem; vertical-align: -0.25em; padding-top: 1px; width: 1.5rem; height: 1.5rem; box-sizing: content-box;"></i></button></span><img alt="Great Value Deli Style Sliced Mild Cheddar Cheese, 8 oz, 12 Count" class="absolute top-0 left-0" data-testid="productTileImage" height="" id="is-0-productImage-26" loading="lazy" src="https://i5.walmartimages.com/seo/Great-Value-Deli-Style-Sliced-Mild-Cheddar-Cheese-8-oz-12-Count_cea8acf2-4c04-4b62-b4d6-23befdba6044.8d5aec1c31307c9324654976eb7ffb95.jpeg?odnHeight=580&amp;odnWidth=580&amp;odnBg=FFFFFF" srcset="https://i5.walmartimages.com/seo/Great-Value-Deli-Style-Sliced-Mild-Cheddar-Cheese-8-oz-12-Count_cea8acf2-4c04-4b62-b4d6-23befdba6044.8d5aec1c31307c9324654976eb7ffb95.jpeg?odnHeight=290&amp;odnWidth=290&amp;odnBg=FFFFFF 1x, https://i5.walmartimages.com/seo/Great-Value-Deli-Style-Sliced-Mild-Cheddar-Cheese-8-oz-12-Count_cea8acf2-4c04-4b62-b4d6-23befdba6044.8d5aec1c31307c9324654976eb7ffb95.jpeg?odnHeight=580&amp;odnWidth=580&amp;odnBg=FFFFFF 2x" width=""/></div><div class="z-2 relative mt3"><div class="relative dib flex-row-reverse" data-id="5K9NSTUBDG3E"><button aria-label="Add to cart - Great Value Deli Style Sliced Mild Cheddar Cheese, 8 oz, 12 Count" class="w_hhLG w_8nsR w_jDfj pointer bn sans-serif b ph2 flex items-center justify-center w-auto shadow-1" data-automation-id="add-to-cart" data-pcss-hide="true" type="button"><i class="ld ld-Plus" style="font-size: 1.5rem; vertical-align: -0.25em; width: 1.5rem; height: 1.5rem; box-sizing: content-box;" title="add to cart"></i><span class="mr2">Add</span></button></div></div></div><div class="mt3"></div></div><div class=""><div class="flex flex-wrap justify-start items-center lh-title mb1" data-automation-id="product-price"><div aria-hidden="true" class="mr1 mr2-xl b black lh-solid f5 f4-l"><span class="f3"></span><span class="f6 f5-l" style="vertical-align: 0.65ex; margin-right: 2px;">$</span><span class="f2">2</span><span class="f6 f5-l" style="vertical-align: 0.75ex;">24</span></div><span class="w_iUH7">current price $2.24</span><div class="gray mr1 f6 f5-l flex items-end mt1">$4.48/lb</div></div><span class="w_V_DM" style="-webkit-line-clamp: 3; padding-bottom: 0.1em; margin-bottom: -0.1em;"><span class="normal dark-gray mb0 mt1 lh-title f6 f5-l lh-copy" data-automation-id="product-title">Great Value Deli Style Sliced Mild Cheddar Cheese, 8 oz, 12 Count</span></span><div class="mt2"><img alt="ebt" aria-hidden="true" class="v-mid pb1 mr2" height="20" loading="lazy" src="//i5.walmartimages.com/dfw/63fd9f59-2845/2044d79e-92d5-4c08-90a2-0480444a877f/v1/EBT-Logo.svg" width="30"/><span class="gray f6-l f5-m">EBT eligible</span></div><div></div><div class="mt2" data-automation-id="fulfillment-badge"><div class="f7 flex self-baseline dark-gray"><div>Pickup <span class="b">today</span></div></div></div></div></div></div></div></div></div><div class="mb0 ph0-xl pt0-xl bb b--near-white w-25 pb3-m ph1"><div class="h-100 pr4-xl pt3" io-id="1DZUUEM2GI0V" style="contain-intrinsic-size: 198px 340px;"><div class="sans-serif mid-gray relative flex flex-column w-100 hide-child-opacity" data-item-id="1DZUUEM2GI0V" role="group"><a class="w-100 h-100 z-1 hide-sibling-opacity absolute" href="/ip/Great-Value-Finely-Shredded-Parmesan-Cheese-6-oz/10452414?classType=REGULAR&amp;from=/search" link-identifier="10452414" target=""><span class="w_iUH7">Great Value Finely Shredded Parmesan Cheese, 6 oz </span></a><div class="" data-testid="list-view"><div class=""><div class=""><div class="relative"><div class="relative overflow-hidden" style="max-width: 290px; height: 0px; padding-bottom: min(290px, 100%); align-self: center; width: min(290px, 100%);"><span><button aria-label="Sign in to add to Favorites list, Great Value Finely Shredded Parmesan Cheese, 6 oz" class="bg-white pointer pa0 black bn mt1 mr1 pa1 br4 absolute top-0 right-0 z-2" data-automation-id="heart-item" style="width: 32px; height: 32px;" type="button"><i aria-hidden="true" class="ld ld-Heart" style="font-size: 1.5rem; vertical-align: -0.25em; padding-top: 1px; width: 1.5rem; height: 1.5rem; box-sizing: content-box;"></i></button></span><img alt="Great Value Finely Shredded Parmesan Cheese, 6 oz" class="absolute top-0 left-0" data-testid="productTileImage" height="" id="is-0-productImage-27" loading="lazy" src="https://i5.walmartimages.com/seo/Great-Value-Finely-Shredded-Parmesan-Cheese-6-oz_df320b0f-1551-42fd-905d-8ac354fb75fc.b1eb30888c2d9a0f3a628f917cecfebc.jpeg?odnHeight=580&amp;odnWidth=580&amp;odnBg=FFFFFF" srcset="https://i5.walmartimages.com/seo/Great-Value-Finely-Shredded-Parmesan-Cheese-6-oz_df320b0f-1551-42fd-905d-8ac354fb75fc.b1eb30888c2d9a0f3a628f917cecfebc.jpeg?odnHeight=290&amp;odnWidth=290&amp;odnBg=FFFFFF 1x, https://i5.walmartimages.com/seo/Great-Value-Finely-Shredded-Parmesan-Cheese-6-oz_df320b0f-1551-42fd-905d-8ac354fb75fc.b1eb30888c2d9a0f3a628f917cecfebc.jpeg?odnHeight=580&amp;odnWidth=580&amp;odnBg=FFFFFF 2x" width=""/></div><div class="z-2 relative mt3"><div class="relative dib flex-row-reverse" data-id="1DZUUEM2GI0V"><button aria-label="Add to cart - Great Value Finely Shredded Parmesan Cheese, 6 oz" class="w_hhLG w_8nsR w_jDfj pointer bn sans-serif b ph2 flex items-center justify-center w-auto shadow-1" data-automation-id="add-to-cart" data-pcss-hide="true" type="button"><i class="ld ld-Plus" style="font-size: 1.5rem; vertical-align: -0.25em; width: 1.5rem; height: 1.5rem; box-sizing: content-box;" title="add to cart"></i><span class="mr2">Add</span></button></div></div></div><div class="mt3"></div></div><div class=""><div class="flex flex-wrap justify-start items-center lh-title mb1" data-automation-id="product-price"><div aria-hidden="true" class="mr1 mr2-xl b black lh-solid f5 f4-l"><span class="f3"></span><span class="f6 f5-l" style="vertical-align: 0.65ex; margin-right: 2px;">$</span><span class="f2">2</span><span class="f6 f5-l" style="vertical-align: 0.75ex;">24</span></div><span class="w_iUH7">current price $2.24</span><div class="gray mr1 f6 f5-l flex items-end mt1">$5.97/lb</div></div><span class="w_V_DM" style="-webkit-line-clamp: 3; padding-bottom: 0.1em; margin-bottom: -0.1em;"><span class="normal dark-gray mb0 mt1 lh-title f6 f5-l lh-copy" data-automation-id="product-title">Great Value Finely Shredded Parmesan Cheese, 6 oz</span></span><div class="mt2"><img alt="ebt" aria-hidden="true" class="v-mid pb1 mr2" height="20" loading="lazy" src="//i5.walmartimages.com/dfw/63fd9f59-2845/2044d79e-92d5-4c08-90a2-0480444a877f/v1/EBT-Logo.svg" width="30"/><span class="gray f6-l f5-m">EBT eligible</span></div><div></div><div class="mt2" data-automation-id="fulfillment-badge"><div class="f7 flex self-baseline dark-gray"><div>Pickup <span class="b">today</span></div></div></div></div></div></div></div></div></div><div class="mb0 ph0-xl pt0-xl bb b--near-white w-25 pb3-m ph1"><div class="h-100 pr4-xl pt3" io-id="3MSAXPIBZCWI" style="contain-intrinsic-size: 198px 340px;"><div class="sans-serif mid-gray relative flex flex-column w-100 hide-child-opacity" data-item-id="3MSAXPIBZCWI" role="group"><a class="w-100 h-100 z-1 hide-sibling-opacity absolute" href="/ip/Great-Value-String-Low-Moisture-Part-Skim-Mozzarella-Cheese-12-oz-Bag-12-Sticks/364923224?classType=REGULAR&amp;from=/search" link-identifier="364923224" target=""><span class="w_iUH7">Great Value String Low-Moisture Part-Skim Mozzarella Cheese, 12 oz Bag, 12 Sticks </span></a><div class="" data-testid="list-view"><div class=""><div class=""><div class="relative"><div class="relative overflow-hidden" style="max-width: 290px; height: 0px; padding-bottom: min(290px, 100%); align-self: center; width: min(290px, 100%);"><span><button aria-label="Sign in to add to Favorites list, Great Value String Low-Moisture Part-Skim Mozzarella Cheese, 12 oz Bag, 12 Sticks" class="bg-white pointer pa0 black bn mt1 mr1 pa1 br4 absolute top-0 right-0 z-2" data-automation-id="heart-item" style="width: 32px; height: 32px;" type="button"><i aria-hidden="true" class="ld ld-Heart" style="font-size: 1.5rem; vertical-align: -0.25em; padding-top: 1px; width: 1.5rem; height: 1.5rem; box-sizing: content-box;"></i></button></span><img alt="Great Value String Low-Moisture Part-Skim Mozzarella Cheese, 12 oz Bag, 12 Sticks" class="absolute top-0 left-0" data-testid="productTileImage" height="" id="is-0-productImage-28" loading="lazy" src="https://i5.walmartimages.com/seo/Great-Value-String-Low-Moisture-Part-Skim-Mozzarella-Cheese-12-oz-Bag-12-Sticks_d0f6c07d-a358-4bd7-96ec-97a65f0585f1.948a35116c60651cbd2ac66b8fac8a79.jpeg?odnHeight=580&amp;odnWidth=580&amp;odnBg=FFFFFF" srcset="https://i5.walmartimages.com/seo/Great-Value-String-Low-Moisture-Part-Skim-Mozzarella-Cheese-12-oz-Bag-12-Sticks_d0f6c07d-a358-4bd7-96ec-97a65f0585f1.948a35116c60651cbd2ac66b8fac8a79.jpeg?odnHeight=290&amp;odnWidth=290&amp;odnBg=FFFFFF 1x, https://i5.walmartimages.com/seo/Great-Value-String-Low-Moisture-Part-Skim-Mozzarella-Cheese-12-oz-Bag-12-Sticks_d0f6c07d-a358-4bd7-96ec-97a65f0585f1.948a35116c60651cbd2ac66b8fac8a79.jpeg?odnHeight=580&amp;odnWidth=580&amp;odnBg=FFFFFF 2x" width=""/></div><div class="z-2 relative mt3"><div class="relative dib flex-row-reverse" data-id="3MSAXPIBZCWI"><button aria-label="Add to cart - Great Value String Low-Moisture Part-Skim Mozzarella Cheese, 12 oz Bag, 12 Sticks" class="w_hhLG w_8nsR w_jDfj pointer bn sans-serif b ph2 flex items-center justify-center w-auto shadow-1" data-automation-id="add-to-cart" data-pcss-hide="true" type="button"><i class="ld ld-Plus" style="font-size: 1.5rem; vertical-align: -0.25em; width: 1.5rem; height: 1.5rem; box-sizing: content-box;" title="add to cart"></i><span class="mr2">Add</span></button></div></div></div><div class="mt3"></div></div><div class=""><div class="flex flex-wrap justify-start items-center lh-title mb1" data-automation-id="product-price"><div aria-hidden="true" class="mr1 mr2-xl b black lh-solid f5 f4-l"><span class="f3"></span><span class="f6 f5-l" style="vertical-align: 0.65ex; margin-right: 2px;">$</span><span class="f2">3</span><span class="f6 f5-l" style="vertical-align: 0.75ex;">34</span></div><span class="w_iUH7">current price $3.34</span><div class="gray mr1 f6 f5-l flex items-end mt1">$4.45/lb</div></div><span class="w_V_DM" style="-webkit-line-clamp: 3; padding-bottom: 0.1em; margin-bottom: -0.1em;"><span class="normal dark-gray mb0 mt1 lh-title f6 f5-l lh-copy" data-automation-id="product-title">Great Value String Low-Moisture Part-Skim Mozzarella Cheese, 12 oz Bag, 12 Sticks</span></span><div class="mt2"><img alt="ebt" aria-hidden="true" class="v-mid pb1 mr2" height="20" loading="lazy" src="//i5.walmartimages.com/dfw/63fd9f59-2845/2044d79e-92d5-4c08-90a2-0480444a877f/v1/EBT-Logo.svg" width="30"/><span class="gray f6-l f5-m">EBT eligible</span></div><div></div><div class="mt2" data-automation-id="fulfillment-badge"><div class="f7 flex self-baseline dark-gray"><div>Pickup <span class="b">today</span></div></div></div></div></div></div></div></div></div><div class="mb0 ph0-xl pt0-xl bb b--near-white w-25 pb3-m ph1"><div class="h-100 pr4-xl pt3" io-id="2NKR2DH1ZZEH" style="contain-intrinsic-size: 198px 340px;"><div class="sans-serif mid-gray relative flex flex-column w-100 hide-child-opacity" data-item-id="2NKR2DH1ZZEH" role="group"><a class="w-100 h-100 z-1 hide-sibling-opacity absolute" href="/ip/Great-Value-Finely-Shredded-Sharp-Cheddar-Cheese-16-oz/10452477?classType=REGULAR&amp;athbdg=L1300&amp;from=/search" link-identifier="10452477" target=""><span class="w_iUH7">Great Value Finely Shredded Sharp Cheddar Cheese, 16 oz </span></a><div class="" data-testid="list-view"><div class=""><div class=""><div class="h2 relative nowrap mb1"><span class="w_VbBP w_WKt3 w_U23Z tag-leading-badge absolute" style="background: rgb(222, 28, 36); color: rgb(255, 255, 255); border-radius: 4px; font-weight: 700;">Rollback</span></div><div class="relative"><div class="relative overflow-hidden" style="max-width: 290px; height: 0px; padding-bottom: min(290px, 100%); align-self: center; width: min(290px, 100%);"><span><button aria-label="Sign in to add to Favorites list, Great Value Finely Shredded Sharp Cheddar Cheese, 16 oz" class="bg-white pointer pa0 black bn mt1 mr1 pa1 br4 absolute top-0 right-0 z-2" data-automation-id="heart-item" style="width: 32px; height: 32px;" type="button"><i aria-hidden="true" class="ld ld-Heart" style="font-size: 1.5rem; vertical-align: -0.25em; padding-top: 1px; width: 1.5rem; height: 1.5rem; box-sizing: content-box;"></i></button></span><img alt="Great Value Finely Shredded Sharp Cheddar Cheese, 16 oz" class="absolute top-0 left-0" data-testid="productTileImage" height="" id="is-0-productImage-29" loading="lazy" src="https://i5.walmartimages.com/seo/Great-Value-Finely-Shredded-Sharp-Cheddar-Cheese-16-oz_b1fe0ef9-8671-4895-b792-cd641e3dc650.2f933ec0d613bf436c1ed804fed215a8.jpeg?odnHeight=580&amp;odnWidth=580&amp;odnBg=FFFFFF" srcset="https://i5.walmartimages.com/seo/Great-Value-Finely-Shredded-Sharp-Cheddar-Cheese-16-oz_b1fe0ef9-8671-4895-b792-cd641e3dc650.2f933ec0d613bf436c1ed804fed215a8.jpeg?odnHeight=290&amp;odnWidth=290&amp;odnBg=FFFFFF 1x, https://i5.walmartimages.com/seo/Great-Value-Finely-Shredded-Sharp-Cheddar-Cheese-16-oz_b1fe0ef9-8671-4895-b792-cd641e3dc650.2f933ec0d613bf436c1ed804fed215a8.jpeg?odnHeight=580&amp;odnWidth=580&amp;odnBg=FFFFFF 2x" width=""/></div><div class="z-2 relative mt3"><div class="relative dib flex-row-reverse" data-id="2NKR2DH1ZZEH"><button aria-label="Add to cart - Great Value Finely Shredded Sharp Cheddar Cheese, 16 oz" class="w_hhLG w_8nsR w_jDfj pointer bn sans-serif b ph2 flex items-center justify-center w-auto shadow-1" data-automation-id="add-to-cart" data-pcss-hide="true" type="button"><i class="ld ld-Plus" style="font-size: 1.5rem; vertical-align: -0.25em; width: 1.5rem; height: 1.5rem; box-sizing: content-box;" title="add to cart"></i><span class="mr2">Add</span></button></div></div></div><div class="nt2" data-testid="variant-2NKR2DH1ZZEH" style="height: 24px;"></div></div><div class=""><div class="flex flex-wrap justify-start items-center lh-title mb1" data-automation-id="product-price"><div aria-hidden="true" class="mr1 mr2-xl b black green lh-solid f5 f4-l"><span class="f3 mr1">Now</span><span class="f6 f5-l" style="vertical-align: 0.65ex; margin-right: 2px;">$</span><span class="f2">3</span><span class="f6 f5-l" style="vertical-align: 0.75ex;">78</span></div><span class="w_iUH7">current price Now $3.78</span><div aria-hidden="true" class="gray mr1 strike f6 f4-l flex items-end mt1">$4.22</div><span class="w_iUH7">Was $4.22</span><div class="gray mr1 f6 f5-l flex items-end mt1">$3.78/lb</div></div><span class="w_V_DM" style="-webkit-line-clamp: 3; padding-bottom: 0.1em; margin-bottom: -0.1em;"><span class="normal dark-gray mb0 mt1 lh-title f6 f5-l lh-copy" data-automation-id="product-title">Great Value Finely Shredded Sharp Cheddar Cheese, 16 oz</span></span><div class="mt2"><img alt="ebt" aria-hidden="true" class="v-mid pb1 mr2" height="20" loading="lazy" src="//i5.walmartimages.com/dfw/63fd9f59-2845/2044d79e-92d5-4c08-90a2-0480444a877f/v1/EBT-Logo.svg" width="30"/><span class="gray f6-l f5-m">EBT eligible</span></div><div></div><div class="mt2" data-automation-id="fulfillment-badge"><div class="f7 flex self-baseline dark-gray"><div>Pickup <span class="b">today</span></div></div></div></div></div></div></div></div></div><div class="mb0 ph0-xl pt0-xl bb b--near-white w-25 pb3-m ph1"><div class="h-100 pr4-xl pt3" io-id="5B8NNL6GRO4W" style="contain-intrinsic-size: 198px 340px;"><div class="sans-serif mid-gray relative flex flex-column w-100 hide-child-opacity" data-item-id="5B8NNL6GRO4W" role="group"><a class="w-100 h-100 z-1 hide-sibling-opacity absolute" href="/ip/Great-Value-Finely-Shredded-Fiesta-Blend-Cheese-16-oz/15544059?classType=REGULAR&amp;athbdg=L1300&amp;from=/search" link-identifier="15544059" target=""><span class="w_iUH7">Great Value Finely Shredded Fiesta Blend Cheese, 16 oz </span></a><div class="" data-testid="list-view"><div class=""><div class=""><div class="h2 relative nowrap mb1"><span class="w_VbBP w_WKt3 w_U23Z tag-leading-badge absolute" style="background: rgb(222, 28, 36); color: rgb(255, 255, 255); border-radius: 4px; font-weight: 700;">Rollback</span></div><div class="relative"><div class="relative overflow-hidden" style="max-width: 290px; height: 0px; padding-bottom: min(290px, 100%); align-self: center; width: min(290px, 100%);"><span><button aria-label="Sign in to add to Favorites list, Great Value Finely Shredded Fiesta Blend Cheese, 16 oz" class="bg-white pointer pa0 black bn mt1 mr1 pa1 br4 absolute top-0 right-0 z-2" data-automation-id="heart-item" style="width: 32px; height: 32px;" type="button"><i aria-hidden="true" class="ld ld-Heart" style="font-size: 1.5rem; vertical-align: -0.25em; padding-top: 1px; width: 1.5rem; height: 1.5rem; box-sizing: content-box;"></i></button></span><img alt="Great Value Finely Shredded Fiesta Blend Cheese, 16 oz" class="absolute top-0 left-0" data-testid="productTileImage" height="" id="is-0-productImage-30" loading="lazy" src="https://i5.walmartimages.com/seo/Great-Value-Finely-Shredded-Fiesta-Blend-Cheese-16-oz_0cc11725-aea5-4ce6-a0e5-f82d5688d9e9.dc88776f94f883476f847c689b5673eb.jpeg?odnHeight=580&amp;odnWidth=580&amp;odnBg=FFFFFF" srcset="https://i5.walmartimages.com/seo/Great-Value-Finely-Shredded-Fiesta-Blend-Cheese-16-oz_0cc11725-aea5-4ce6-a0e5-f82d5688d9e9.dc88776f94f883476f847c689b5673eb.jpeg?odnHeight=290&amp;odnWidth=290&amp;odnBg=FFFFFF 1x, https://i5.walmartimages.com/seo/Great-Value-Finely-Shredded-Fiesta-Blend-Cheese-16-oz_0cc11725-aea5-4ce6-a0e5-f82d5688d9e9.dc88776f94f883476f847c689b5673eb.jpeg?odnHeight=580&amp;odnWidth=580&amp;odnBg=FFFFFF 2x" width=""/></div><div class="z-2 relative mt3"><div class="relative dib flex-row-reverse" data-id="5B8NNL6GRO4W"><button aria-label="Add to cart - Great Value Finely Shredded Fiesta Blend Cheese, 16 oz" class="w_hhLG w_8nsR w_jDfj pointer bn sans-serif b ph2 flex items-center justify-center w-auto shadow-1" data-automation-id="add-to-cart" data-pcss-hide="true" type="button"><i class="ld ld-Plus" style="font-size: 1.5rem; vertical-align: -0.25em; width: 1.5rem; height: 1.5rem; box-sizing: content-box;" title="add to cart"></i><span class="mr2">Add</span></button></div></div></div><div class="nt2" data-testid="variant-5B8NNL6GRO4W" style="height: 24px;"></div></div><div class=""><div class="flex flex-wrap justify-start items-center lh-title mb1" data-automation-id="product-price"><div aria-hidden="true" class="mr1 mr2-xl b black green lh-solid f5 f4-l"><span class="f3 mr1">Now</span><span class="f6 f5-l" style="vertical-align: 0.65ex; margin-right: 2px;">$</span><span class="f2">3</span><span class="f6 f5-l" style="vertical-align: 0.75ex;">78</span></div><span class="w_iUH7">current price Now $3.78</span><div aria-hidden="true" class="gray mr1 strike f6 f4-l flex items-end mt1">$4.22</div><span class="w_iUH7">Was $4.22</span><div class="gray mr1 f6 f5-l flex items-end mt1">$3.78/lb</div></div><span class="w_V_DM" style="-webkit-line-clamp: 3; padding-bottom: 0.1em; margin-bottom: -0.1em;"><span class="normal dark-gray mb0 mt1 lh-title f6 f5-l lh-copy" data-automation-id="product-title">Great Value Finely Shredded Fiesta Blend Cheese, 16 oz</span></span><div class="mt2"><img alt="ebt" aria-hidden="true" class="v-mid pb1 mr2" height="20" loading="lazy" src="//i5.walmartimages.com/dfw/63fd9f59-2845/2044d79e-92d5-4c08-90a2-0480444a877f/v1/EBT-Logo.svg" width="30"/><span class="gray f6-l f5-m">EBT eligible</span></div><div></div><div class="mt2" data-automation-id="fulfillment-badge"><div class="f7 flex self-baseline dark-gray"><div>Pickup <span class="b">today</span></div></div></div></div></div></div></div></div></div><div class="mb0 ph0-xl pt0-xl bb b--near-white w-25 pb3-m ph1"><div class="h-100 pr4-xl pt3" io-id="6NQ615OHLYZI" style="contain-intrinsic-size: 198px 340px;"><div class="sans-serif mid-gray relative flex flex-column w-100 hide-child-opacity" data-item-id="6NQ615OHLYZI" role="group"><a class="w-100 h-100 z-1 hide-sibling-opacity absolute" href="https://www.walmart.com/sp/track?bt=1&amp;eventST=click&amp;plmt=sp-search-middle~desktop~&amp;pos=31&amp;tax=976759_9176907_1001468_4800400&amp;rdf=1&amp;rd=https%3A%2F%2Fwww.walmart.com%2Fip%2FLand-O-Lakes-Yellow-American-Cheese-Sliced-Fresh-Plastic-Bag%2F519946100%3FclassType%3DREGULAR%26adsRedirect%3Dtrue&amp;adUid=6637d0d3-798d-45f2-bbf3-e039cb0f7a20&amp;mloc=sp-search-middle&amp;pltfm=desktop&amp;pgId=cheese&amp;pt=search&amp;spQs=KrtTrgPfKTT4Gb6rmrIs5Gx-OkUpY-BT9Kp4-1YbiqNhmWrSLeBw4X7tkZ0nkAtrCfUVBio9ciLJ8zkGR1O6RpHKrOacVQ9kEZdY9evO3loVFcA71ckC3zllCdAfdRdoCkfn9nZiYlt_vSseryjagg_JTd0_7MQu4JTVTm2Iq9Mlm0u8_Fal9-VbMSQqTi4QEA-q_C7B-wo0UBD9LUHuyRTS8OLE8IuCB-D1T3ShcwvUbNQcqqoGglTuMh92vLyXZOVKVN7iZqSiPWzY2i5thOqeUkuzemiGjAkJEVPvpWU&amp;storeId=3795&amp;specificity=broad&amp;specificityScore=0.16032135&amp;couponState=na&amp;bkt=ace1_default%7Cace2_default%7Cace3_11293%7Cbb_11237%7Ccoldstart_on%7Csearch_Inhouse_ANN_Launch_Web&amp;classType=REGULAR" link-identifier="519946100" target=""><span class="w_iUH7">Land O Lakes Yellow American Cheese, Sliced (Fresh, Plastic Bag) </span></a><div class="" data-testid="list-view"><div class=""><div class=""><div class="h2 relative nowrap mb1"></div><div class="relative"><div class="relative overflow-hidden" style="max-width: 290px; height: 0px; padding-bottom: min(290px, 100%); align-self: center; width: min(290px, 100%);"><span><button aria-label="Sign in to add to Favorites list, Land O Lakes Yellow American Cheese, Sliced (Fresh, Plastic Bag)" class="bg-white pointer pa0 black bn mt1 mr1 pa1 br4 absolute top-0 right-0 z-2" data-automation-id="heart-item" style="width: 32px; height: 32px;" type="button"><i aria-hidden="true" class="ld ld-Heart" style="font-size: 1.5rem; vertical-align: -0.25em; padding-top: 1px; width: 1.5rem; height: 1.5rem; box-sizing: content-box;"></i></button></span><img alt="Land O Lakes Yellow American Cheese, Sliced (Fresh, Plastic Bag)" class="absolute top-0 left-0" data-testid="productTileImage" height="" id="is-0-productImage-31" loading="lazy" src="https://i5.walmartimages.com/seo/Land-O-Lakes-Yellow-American-Cheese-Sliced-Fresh-Plastic-Bag_0300b72b-5504-4809-ad71-0fc5ea3a33a7.7a191af9d7918d440b7ed58ddcb06b0b.jpeg?odnHeight=580&amp;odnWidth=580&amp;odnBg=FFFFFF" srcset="https://i5.walmartimages.com/seo/Land-O-Lakes-Yellow-American-Cheese-Sliced-Fresh-Plastic-Bag_0300b72b-5504-4809-ad71-0fc5ea3a33a7.7a191af9d7918d440b7ed58ddcb06b0b.jpeg?odnHeight=290&amp;odnWidth=290&amp;odnBg=FFFFFF 1x, https://i5.walmartimages.com/seo/Land-O-Lakes-Yellow-American-Cheese-Sliced-Fresh-Plastic-Bag_0300b72b-5504-4809-ad71-0fc5ea3a33a7.7a191af9d7918d440b7ed58ddcb06b0b.jpeg?odnHeight=580&amp;odnWidth=580&amp;odnBg=FFFFFF 2x" width=""/></div><div class="z-2 relative mt3"><div class="relative dib flex-row-reverse" data-id="6NQ615OHLYZI"><button aria-label="Add to cart - Land O Lakes Yellow American Cheese, Sliced (Fresh, Plastic Bag)" class="w_hhLG w_8nsR w_jDfj pointer bn sans-serif b ph2 flex items-center justify-center w-auto shadow-1" data-automation-id="add-to-cart" data-pcss-hide="true" type="button"><i class="ld ld-Plus" style="font-size: 1.5rem; vertical-align: -0.25em; width: 1.5rem; height: 1.5rem; box-sizing: content-box;" title="add to cart"></i><span class="mr2">Add</span></button></div></div></div><div class="mt2 mb1" data-testid="variant-6NQ615OHLYZI" style="height: 24px;"><div class="flex items-center lh-title h2-l normal"><div class="gray f7 flex items-center"><div>Sponsored</div><div class="z-2"><button aria-label="Ad disclaimer and feedback" class="w_hhLG w_DZvO w_0_LY pointer pl1 no-underline pt3 pb3" title="Ad disclaimer and feedback" type="button"><i class="ld ld-InfoCircle" style="font-size: 1rem; vertical-align: -0.175em; width: 1rem; height: 1rem; box-sizing: content-box;"></i></button></div></div></div></div></div><div class=""><div class="flex flex-wrap justify-start items-center lh-title mb1" data-automation-id="product-price"><div aria-hidden="true" class="mr1 mr2-xl b black lh-solid f5 f4-l"><span class="f3"></span><span class="f6 f5-l" style="vertical-align: 0.65ex; margin-right: 2px;">$</span><span class="f2">3</span><span class="f6 f5-l" style="vertical-align: 0.75ex;">96</span></div><span class="w_iUH7">current price $3.96</span><div class="gray mr1 f6 f5-l flex items-end mt1">$7.92/lb</div><div class="f7 f6-l gray w-100">Final cost by weight</div></div><span class="w_V_DM" style="-webkit-line-clamp: 3; padding-bottom: 0.1em; margin-bottom: -0.1em;"><span class="normal dark-gray mb0 mt1 lh-title f6 f5-l lh-copy" data-automation-id="product-title">Land O Lakes Yellow American Cheese, Sliced (Fresh, Plastic Bag)</span></span><div class="flex items-center mt2"><div class="w_ExHd w_y6ym mr1"><svg class="w_D5ag w_6H0I w_1jp4" viewbox="0 0 22 22" xmlns="http://www.w3.org/2000/svg"><path d="m13.562 7.028.17.354.387.062 6.226.999c.011.002.029.008.047.034.018.026.03.063.023.106a.133.133 0 0 1-.034.073l-4.476 4.64-.274.284.079.387 1.321 6.467c.009.042 0 .08-.017.109-.018.028-.036.036-.049.04a.04.04 0 0 1-.014 0 .05.05 0 0 1-.017-.006l-5.926-3.032-.341-.175-.342.175-5.926 3.032a.046.046 0 0 1-.02.006c-.004 0-.01 0-.017-.003-.013-.004-.034-.017-.05-.05a.155.155 0 0 1-.01-.096l1.322-6.467.079-.387-.274-.284-4.477-4.64a.136.136 0 0 1-.035-.095c0-.042.014-.075.034-.096a.067.067 0 0 1 .037-.022l6.226-.999.388-.062.17-.354 2.83-5.892c.016-.033.037-.045.05-.05a.045.045 0 0 1 .018-.003c.004 0 .01.002.02.007a.1.1 0 0 1 .04.046l2.832 5.892Z"></path></svg><svg class="w_D5ag w_6H0I w_1jp4" viewbox="0 0 22 22" xmlns="http://www.w3.org/2000/svg"><path d="m13.562 7.028.17.354.387.062 6.226.999c.011.002.029.008.047.034.018.026.03.063.023.106a.133.133 0 0 1-.034.073l-4.476 4.64-.274.284.079.387 1.321 6.467c.009.042 0 .08-.017.109-.018.028-.036.036-.049.04a.04.04 0 0 1-.014 0 .05.05 0 0 1-.017-.006l-5.926-3.032-.341-.175-.342.175-5.926 3.032a.046.046 0 0 1-.02.006c-.004 0-.01 0-.017-.003-.013-.004-.034-.017-.05-.05a.155.155 0 0 1-.01-.096l1.322-6.467.079-.387-.274-.284-4.477-4.64a.136.136 0 0 1-.035-.095c0-.042.014-.075.034-.096a.067.067 0 0 1 .037-.022l6.226-.999.388-.062.17-.354 2.83-5.892c.016-.033.037-.045.05-.05a.045.045 0 0 1 .018-.003c.004 0 .01.002.02.007a.1.1 0 0 1 .04.046l2.832 5.892Z"></path></svg><svg class="w_D5ag w_6H0I w_HGbC" viewbox="0 0 22 22" xmlns="http://www.w3.org/2000/svg"><path class="w_sX0E" d="M11 2.174a.825.825 0 0 0-.74.478L8.375 7.424l-5.662.628a.816.816 0 0 0-.463.247c-.322.34-.32.89.006 1.227l3.494 4.023-1.174 6.039a.905.905 0 0 0 .066.562c.2.43.697.61 1.108.399l5.25-3.5V2.174Z"></path><path class="w_eDrS" d="M11 2.002v15.5M13.895 7.082l.17.354.387.062 6.226.999c.011.001.03.008.047.034.018.026.03.063.023.106a.133.133 0 0 1-.034.073l-4.476 4.64-.274.284.08.387 1.32 6.467a.15.15 0 0 1-.017.109c-.017.027-.036.036-.048.039a.04.04 0 0 1-.015 0 .05.05 0 0 1-.017-.005L11.342 17.6 11 17.424l-.342.175-5.925 3.032a.046.046 0 0 1-.02.006c-.005 0-.01 0-.018-.003-.013-.005-.034-.017-.05-.05a.155.155 0 0 1-.01-.096l1.322-6.467.079-.387-.274-.284-4.477-4.64a.136.136 0 0 1-.035-.096c0-.041.015-.074.035-.095a.067.067 0 0 1 .037-.022l6.226-.999.387-.062.17-.354 2.831-5.892c.016-.033.036-.045.05-.05a.045.045 0 0 1 .017-.003c.004 0 .01.002.02.007a.1.1 0 0 1 .041.046l2.83 5.892Z"></path></svg><svg class="w_D5ag w_6H0I w_eDrS" viewbox="0 0 22 22" xmlns="http://www.w3.org/2000/svg"><path d="m13.562 7.028.17.354.387.062 6.226.999c.011.002.029.008.047.034.018.026.03.063.023.106a.133.133 0 0 1-.034.073l-4.476 4.64-.274.284.079.387 1.321 6.467c.009.042 0 .08-.017.109-.018.028-.036.036-.049.04a.04.04 0 0 1-.014 0 .05.05 0 0 1-.017-.006l-5.926-3.032-.341-.175-.342.175-5.926 3.032a.046.046 0 0 1-.02.006c-.004 0-.01 0-.017-.003-.013-.004-.034-.017-.05-.05a.155.155 0 0 1-.01-.096l1.322-6.467.079-.387-.274-.284-4.477-4.64a.136.136 0 0 1-.035-.095c0-.042.014-.075.034-.096a.067.067 0 0 1 .037-.022l6.226-.999.388-.062.17-.354 2.83-5.892c.016-.033.037-.045.05-.05a.045.045 0 0 1 .018-.003c.004 0 .01.002.02.007a.1.1 0 0 1 .04.046l2.832 5.892Z"></path></svg><svg class="w_D5ag w_6H0I w_eDrS" viewbox="0 0 22 22" xmlns="http://www.w3.org/2000/svg"><path d="m13.562 7.028.17.354.387.062 6.226.999c.011.002.029.008.047.034.018.026.03.063.023.106a.133.133 0 0 1-.034.073l-4.476 4.64-.274.284.079.387 1.321 6.467c.009.042 0 .08-.017.109-.018.028-.036.036-.049.04a.04.04 0 0 1-.014 0 .05.05 0 0 1-.017-.006l-5.926-3.032-.341-.175-.342.175-5.926 3.032a.046.046 0 0 1-.02.006c-.004 0-.01 0-.017-.003-.013-.004-.034-.017-.05-.05a.155.155 0 0 1-.01-.096l1.322-6.467.079-.387-.274-.284-4.477-4.64a.136.136 0 0 1-.035-.095c0-.042.014-.075.034-.096a.067.067 0 0 1 .037-.022l6.226-.999.388-.062.17-.354 2.83-5.892c.016-.033.037-.045.05-.05a.045.045 0 0 1 .018-.003c.004 0 .01.002.02.007a.1.1 0 0 1 .04.046l2.832 5.892Z"></path></svg></div><span aria-hidden="true" class="sans-serif gray f7" data-testid="product-reviews" data-value="76">76</span><span class="w_iUH7">2.7 out of 5 Stars. 76 reviews</span></div><div class="mt2"><img alt="ebt" aria-hidden="true" class="v-mid pb1 mr2" height="20" loading="lazy" src="//i5.walmartimages.com/dfw/63fd9f59-2845/2044d79e-92d5-4c08-90a2-0480444a877f/v1/EBT-Logo.svg" width="30"/><span class="gray f6-l f5-m">EBT eligible</span></div><div></div><div class="mt2" data-automation-id="fulfillment-badge"><div class="f7 flex self-baseline dark-gray"><div>Pickup <span class="b">today</span></div></div></div></div></div></div></div></div></div><div class="mb0 ph0-xl pt0-xl bb b--near-white w-25 pb3-m ph1"><div class="h-100 pr4-xl pt3" io-id="22Q1H5WEBE51" style="contain-intrinsic-size: 198px 340px;"><div class="sans-serif mid-gray relative flex flex-column w-100 hide-child-opacity" data-item-id="22Q1H5WEBE51" role="group"><a class="w-100 h-100 z-1 hide-sibling-opacity absolute" href="https://www.walmart.com/sp/track?bt=1&amp;eventST=click&amp;plmt=sp-search-middle~desktop~&amp;pos=32&amp;tax=976759_9176907_1001468_4800400&amp;rdf=1&amp;rd=https%3A%2F%2Fwww.walmart.com%2Fip%2FThe-Laughing-Cow-Original-Spreadable-Swiss-Cheese-Wedge-5-4-oz-Box-Refrigerated%2F1974455330%3FclassType%3DREGULAR%26adsRedirect%3Dtrue&amp;adUid=6637d0d3-798d-45f2-bbf3-e039cb0f7a20&amp;mloc=sp-search-middle&amp;pltfm=desktop&amp;pgId=cheese&amp;pt=search&amp;spQs=Vf0ZopNmk9PxPlqWtHlDnBwF2Chckbqk1gDEHEaa1IXhMfi1laCiQesk4Y_PX9JFqIB0GEfS9wpoCDEt9aArlaJLOqR3N38sb7AkodFIxRE-oOKZtbdHmh0A1s6bA3F5Ml-nftChp87GeQQkEbvMeACCNY-TMywB2wp99Gpnimk1YC4Uy0aRnG4HBLF2uXQyehKEpZJvy3hPmULqpfhY9W-nziNto-aUQZW3KKnjQ3j_QltLH1CWZ6gNJs04MXOC&amp;storeId=3795&amp;specificity=broad&amp;specificityScore=0.16032135&amp;couponState=na&amp;bkt=ace1_default%7Cace2_default%7Cace3_11293%7Cbb_11237%7Ccoldstart_on%7Csearch_Inhouse_ANN_Launch_Web&amp;classType=REGULAR" link-identifier="1974455330" target=""><span class="w_iUH7">The Laughing Cow Original Spreadable Swiss Cheese Wedge, 5.4 oz Box. Refrigerated </span></a><div class="" data-testid="list-view"><div class=""><div class=""><div class="h2 relative nowrap mb1"></div><div class="relative"><div class="relative overflow-hidden" style="max-width: 290px; height: 0px; padding-bottom: min(290px, 100%); align-self: center; width: min(290px, 100%);"><span><button aria-label="Sign in to add to Favorites list, The Laughing Cow Original Spreadable Swiss Cheese Wedge, 5.4 oz Box. Refrigerated" class="bg-white pointer pa0 black bn mt1 mr1 pa1 br4 absolute top-0 right-0 z-2" data-automation-id="heart-item" style="width: 32px; height: 32px;" type="button"><i aria-hidden="true" class="ld ld-Heart" style="font-size: 1.5rem; vertical-align: -0.25em; padding-top: 1px; width: 1.5rem; height: 1.5rem; box-sizing: content-box;"></i></button></span><img alt="The Laughing Cow Original Spreadable Swiss Cheese Wedge, 5.4 oz Box. Refrigerated" class="absolute top-0 left-0" data-testid="productTileImage" height="" id="is-0-productImage-32" loading="lazy" src="https://i5.walmartimages.com/seo/The-Laughing-Cow-Original-Spreadable-Swiss-Cheese-Wedge-5-4-oz-Box-Refrigerated_4d13dfc2-64db-47b1-b7b8-0d13a41162c4.aa952160477710d66248722573706864.jpeg?odnHeight=580&amp;odnWidth=580&amp;odnBg=FFFFFF" srcset="https://i5.walmartimages.com/seo/The-Laughing-Cow-Original-Spreadable-Swiss-Cheese-Wedge-5-4-oz-Box-Refrigerated_4d13dfc2-64db-47b1-b7b8-0d13a41162c4.aa952160477710d66248722573706864.jpeg?odnHeight=290&amp;odnWidth=290&amp;odnBg=FFFFFF 1x, https://i5.walmartimages.com/seo/The-Laughing-Cow-Original-Spreadable-Swiss-Cheese-Wedge-5-4-oz-Box-Refrigerated_4d13dfc2-64db-47b1-b7b8-0d13a41162c4.aa952160477710d66248722573706864.jpeg?odnHeight=580&amp;odnWidth=580&amp;odnBg=FFFFFF 2x" width=""/></div><div class="z-2 relative mt3"><div class="relative dib flex-row-reverse" data-id="22Q1H5WEBE51"><button aria-label="Add to cart - The Laughing Cow Original Spreadable Swiss Cheese Wedge, 5.4 oz Box. Refrigerated" class="w_hhLG w_8nsR w_jDfj pointer bn sans-serif b ph2 flex items-center justify-center w-auto shadow-1" data-automation-id="add-to-cart" data-pcss-hide="true" type="button"><i class="ld ld-Plus" style="font-size: 1.5rem; vertical-align: -0.25em; width: 1.5rem; height: 1.5rem; box-sizing: content-box;" title="add to cart"></i><span class="mr2">Add</span></button></div></div></div><div class="mt2 mb1" data-testid="variant-22Q1H5WEBE51" style="height: 24px;"><div class="flex items-center lh-title h2-l normal"><div class="gray f7 flex items-center"><div>Sponsored</div><div class="z-2"><button aria-label="Ad disclaimer and feedback" class="w_hhLG w_DZvO w_0_LY pointer pl1 no-underline pt3 pb3" title="Ad disclaimer and feedback" type="button"><i class="ld ld-InfoCircle" style="font-size: 1rem; vertical-align: -0.175em; width: 1rem; height: 1rem; box-sizing: content-box;"></i></button></div></div></div></div></div><div class=""><div class="flex flex-wrap justify-start items-center lh-title mb1" data-automation-id="product-price"><div aria-hidden="true" class="mr1 mr2-xl b black lh-solid f5 f4-l"><span class="f3"></span><span class="f6 f5-l" style="vertical-align: 0.65ex; margin-right: 2px;">$</span><span class="f2">4</span><span class="f6 f5-l" style="vertical-align: 0.75ex;">23</span></div><span class="w_iUH7">current price $4.23</span><div class="gray mr1 f6 f5-l flex items-end mt1">$12.53/lb</div></div><span class="w_V_DM" style="-webkit-line-clamp: 3; padding-bottom: 0.1em; margin-bottom: -0.1em;"><span class="normal dark-gray mb0 mt1 lh-title f6 f5-l lh-copy" data-automation-id="product-title">The Laughing Cow Original Spreadable Swiss Cheese Wedge, 5.4 oz Box. Refrigerated</span></span><div class="flex items-center mt2"><div class="w_ExHd w_y6ym mr1"><svg class="w_D5ag w_6H0I w_1jp4" viewbox="0 0 22 22" xmlns="http://www.w3.org/2000/svg"><path d="m13.562 7.028.17.354.387.062 6.226.999c.011.002.029.008.047.034.018.026.03.063.023.106a.133.133 0 0 1-.034.073l-4.476 4.64-.274.284.079.387 1.321 6.467c.009.042 0 .08-.017.109-.018.028-.036.036-.049.04a.04.04 0 0 1-.014 0 .05.05 0 0 1-.017-.006l-5.926-3.032-.341-.175-.342.175-5.926 3.032a.046.046 0 0 1-.02.006c-.004 0-.01 0-.017-.003-.013-.004-.034-.017-.05-.05a.155.155 0 0 1-.01-.096l1.322-6.467.079-.387-.274-.284-4.477-4.64a.136.136 0 0 1-.035-.095c0-.042.014-.075.034-.096a.067.067 0 0 1 .037-.022l6.226-.999.388-.062.17-.354 2.83-5.892c.016-.033.037-.045.05-.05a.045.045 0 0 1 .018-.003c.004 0 .01.002.02.007a.1.1 0 0 1 .04.046l2.832 5.892Z"></path></svg><svg class="w_D5ag w_6H0I w_1jp4" viewbox="0 0 22 22" xmlns="http://www.w3.org/2000/svg"><path d="m13.562 7.028.17.354.387.062 6.226.999c.011.002.029.008.047.034.018.026.03.063.023.106a.133.133 0 0 1-.034.073l-4.476 4.64-.274.284.079.387 1.321 6.467c.009.042 0 .08-.017.109-.018.028-.036.036-.049.04a.04.04 0 0 1-.014 0 .05.05 0 0 1-.017-.006l-5.926-3.032-.341-.175-.342.175-5.926 3.032a.046.046 0 0 1-.02.006c-.004 0-.01 0-.017-.003-.013-.004-.034-.017-.05-.05a.155.155 0 0 1-.01-.096l1.322-6.467.079-.387-.274-.284-4.477-4.64a.136.136 0 0 1-.035-.095c0-.042.014-.075.034-.096a.067.067 0 0 1 .037-.022l6.226-.999.388-.062.17-.354 2.83-5.892c.016-.033.037-.045.05-.05a.045.045 0 0 1 .018-.003c.004 0 .01.002.02.007a.1.1 0 0 1 .04.046l2.832 5.892Z"></path></svg><svg class="w_D5ag w_6H0I w_1jp4" viewbox="0 0 22 22" xmlns="http://www.w3.org/2000/svg"><path d="m13.562 7.028.17.354.387.062 6.226.999c.011.002.029.008.047.034.018.026.03.063.023.106a.133.133 0 0 1-.034.073l-4.476 4.64-.274.284.079.387 1.321 6.467c.009.042 0 .08-.017.109-.018.028-.036.036-.049.04a.04.04 0 0 1-.014 0 .05.05 0 0 1-.017-.006l-5.926-3.032-.341-.175-.342.175-5.926 3.032a.046.046 0 0 1-.02.006c-.004 0-.01 0-.017-.003-.013-.004-.034-.017-.05-.05a.155.155 0 0 1-.01-.096l1.322-6.467.079-.387-.274-.284-4.477-4.64a.136.136 0 0 1-.035-.095c0-.042.014-.075.034-.096a.067.067 0 0 1 .037-.022l6.226-.999.388-.062.17-.354 2.83-5.892c.016-.033.037-.045.05-.05a.045.045 0 0 1 .018-.003c.004 0 .01.002.02.007a.1.1 0 0 1 .04.046l2.832 5.892Z"></path></svg><svg class="w_D5ag w_6H0I w_HGbC" viewbox="0 0 22 22" xmlns="http://www.w3.org/2000/svg"><path class="w_sX0E" d="M11 2.174a.825.825 0 0 0-.74.478L8.375 7.424l-5.662.628a.816.816 0 0 0-.463.247c-.322.34-.32.89.006 1.227l3.494 4.023-1.174 6.039a.905.905 0 0 0 .066.562c.2.43.697.61 1.108.399l5.25-3.5V2.174Z"></path><path class="w_eDrS" d="M11 2.002v15.5M13.895 7.082l.17.354.387.062 6.226.999c.011.001.03.008.047.034.018.026.03.063.023.106a.133.133 0 0 1-.034.073l-4.476 4.64-.274.284.08.387 1.32 6.467a.15.15 0 0 1-.017.109c-.017.027-.036.036-.048.039a.04.04 0 0 1-.015 0 .05.05 0 0 1-.017-.005L11.342 17.6 11 17.424l-.342.175-5.925 3.032a.046.046 0 0 1-.02.006c-.005 0-.01 0-.018-.003-.013-.005-.034-.017-.05-.05a.155.155 0 0 1-.01-.096l1.322-6.467.079-.387-.274-.284-4.477-4.64a.136.136 0 0 1-.035-.096c0-.041.015-.074.035-.095a.067.067 0 0 1 .037-.022l6.226-.999.387-.062.17-.354 2.831-5.892c.016-.033.036-.045.05-.05a.045.045 0 0 1 .017-.003c.004 0 .01.002.02.007a.1.1 0 0 1 .041.046l2.83 5.892Z"></path></svg><svg class="w_D5ag w_6H0I w_eDrS" viewbox="0 0 22 22" xmlns="http://www.w3.org/2000/svg"><path d="m13.562 7.028.17.354.387.062 6.226.999c.011.002.029.008.047.034.018.026.03.063.023.106a.133.133 0 0 1-.034.073l-4.476 4.64-.274.284.079.387 1.321 6.467c.009.042 0 .08-.017.109-.018.028-.036.036-.049.04a.04.04 0 0 1-.014 0 .05.05 0 0 1-.017-.006l-5.926-3.032-.341-.175-.342.175-5.926 3.032a.046.046 0 0 1-.02.006c-.004 0-.01 0-.017-.003-.013-.004-.034-.017-.05-.05a.155.155 0 0 1-.01-.096l1.322-6.467.079-.387-.274-.284-4.477-4.64a.136.136 0 0 1-.035-.095c0-.042.014-.075.034-.096a.067.067 0 0 1 .037-.022l6.226-.999.388-.062.17-.354 2.83-5.892c.016-.033.037-.045.05-.05a.045.045 0 0 1 .018-.003c.004 0 .01.002.02.007a.1.1 0 0 1 .04.046l2.832 5.892Z"></path></svg></div><span aria-hidden="true" class="sans-serif gray f7" data-testid="product-reviews" data-value="38">38</span><span class="w_iUH7">3.4 out of 5 Stars. 38 reviews</span></div><div class="mt2"><img alt="ebt" aria-hidden="true" class="v-mid pb1 mr2" height="20" loading="lazy" src="//i5.walmartimages.com/dfw/63fd9f59-2845/2044d79e-92d5-4c08-90a2-0480444a877f/v1/EBT-Logo.svg" width="30"/><span class="gray f6-l f5-m">EBT eligible</span></div><div></div><div class="mt2" data-automation-id="fulfillment-badge"><div class="f7 flex self-baseline dark-gray"><div>Pickup <span class="b">today</span></div></div></div></div></div></div></div></div></div><div class="mb0 ph0-xl pt0-xl bb b--near-white w-25 pb3-m ph1"><div class="h-100 pr4-xl pt3" io-id="4JZ3XQYA9QG0" style="contain-intrinsic-size: 198px 340px;"><div class="sans-serif mid-gray relative flex flex-column w-100 hide-child-opacity" data-item-id="4JZ3XQYA9QG0" role="group"><a class="w-100 h-100 z-1 hide-sibling-opacity absolute" href="/ip/Great-Value-Finely-Shredded-Triple-Cheddar-Cheese-8-oz/46491724?classType=REGULAR&amp;athbdg=L1300&amp;from=/search" link-identifier="46491724" target=""><span class="w_iUH7">Great Value Finely Shredded Triple Cheddar Cheese, 8 oz </span></a><div class="" data-testid="list-view"><div class=""><div class=""><div class="h2 relative nowrap mb1"><span class="w_VbBP w_WKt3 w_U23Z tag-leading-badge absolute" style="background: rgb(222, 28, 36); color: rgb(255, 255, 255); border-radius: 4px; font-weight: 700;">Rollback</span></div><div class="relative"><div class="relative overflow-hidden" style="max-width: 290px; height: 0px; padding-bottom: min(290px, 100%); align-self: center; width: min(290px, 100%);"><span><button aria-label="Sign in to add to Favorites list, Great Value Finely Shredded Triple Cheddar Cheese, 8 oz" class="bg-white pointer pa0 black bn mt1 mr1 pa1 br4 absolute top-0 right-0 z-2" data-automation-id="heart-item" style="width: 32px; height: 32px;" type="button"><i aria-hidden="true" class="ld ld-Heart" style="font-size: 1.5rem; vertical-align: -0.25em; padding-top: 1px; width: 1.5rem; height: 1.5rem; box-sizing: content-box;"></i></button></span><img alt="Great Value Finely Shredded Triple Cheddar Cheese, 8 oz" class="absolute top-0 left-0" data-testid="productTileImage" height="" id="is-0-productImage-33" loading="lazy" src="https://i5.walmartimages.com/seo/Great-Value-Finely-Shredded-Triple-Cheddar-Cheese-8-oz_dc8391d7-5881-4482-8b3e-2dfcad196bba.43630e7d82fc5c631f6d556841870f90.jpeg?odnHeight=580&amp;odnWidth=580&amp;odnBg=FFFFFF" srcset="https://i5.walmartimages.com/seo/Great-Value-Finely-Shredded-Triple-Cheddar-Cheese-8-oz_dc8391d7-5881-4482-8b3e-2dfcad196bba.43630e7d82fc5c631f6d556841870f90.jpeg?odnHeight=290&amp;odnWidth=290&amp;odnBg=FFFFFF 1x, https://i5.walmartimages.com/seo/Great-Value-Finely-Shredded-Triple-Cheddar-Cheese-8-oz_dc8391d7-5881-4482-8b3e-2dfcad196bba.43630e7d82fc5c631f6d556841870f90.jpeg?odnHeight=580&amp;odnWidth=580&amp;odnBg=FFFFFF 2x" width=""/></div><div class="z-2 relative mt3"><div class="relative dib flex-row-reverse" data-id="4JZ3XQYA9QG0"><button aria-label="Add to cart - Great Value Finely Shredded Triple Cheddar Cheese, 8 oz" class="w_hhLG w_8nsR w_jDfj pointer bn sans-serif b ph2 flex items-center justify-center w-auto shadow-1" data-automation-id="add-to-cart" data-pcss-hide="true" type="button"><i class="ld ld-Plus" style="font-size: 1.5rem; vertical-align: -0.25em; width: 1.5rem; height: 1.5rem; box-sizing: content-box;" title="add to cart"></i><span class="mr2">Add</span></button></div></div></div><div class="mt3"></div></div><div class=""><div class="flex flex-wrap justify-start items-center lh-title mb1" data-automation-id="product-price"><div aria-hidden="true" class="mr1 mr2-xl b black green lh-solid f5 f4-l"><span class="f3 mr1">Now</span><span class="f6 f5-l" style="vertical-align: 0.65ex; margin-right: 2px;">$</span><span class="f2">1</span><span class="f6 f5-l" style="vertical-align: 0.75ex;">97</span></div><span class="w_iUH7">current price Now $1.97</span><div aria-hidden="true" class="gray mr1 strike f6 f4-l flex items-end mt1">$2.24</div><span class="w_iUH7">Was $2.24</span><div class="gray mr1 f6 f5-l flex items-end mt1">$3.94/lb</div></div><span class="w_V_DM" style="-webkit-line-clamp: 3; padding-bottom: 0.1em; margin-bottom: -0.1em;"><span class="normal dark-gray mb0 mt1 lh-title f6 f5-l lh-copy" data-automation-id="product-title">Great Value Finely Shredded Triple Cheddar Cheese, 8 oz</span></span><div class="mt2"><img alt="ebt" aria-hidden="true" class="v-mid pb1 mr2" height="20" loading="lazy" src="//i5.walmartimages.com/dfw/63fd9f59-2845/2044d79e-92d5-4c08-90a2-0480444a877f/v1/EBT-Logo.svg" width="30"/><span class="gray f6-l f5-m">EBT eligible</span></div><div></div><div class="mt2" data-automation-id="fulfillment-badge"><div class="f7 flex self-baseline dark-gray"><div>Pickup <span class="b">today</span></div></div></div></div></div></div></div></div></div><div class="mb0 ph0-xl pt0-xl bb b--near-white w-25 pb3-m ph1"><div class="h-100 pr4-xl pt3" io-id="5TA2C0QATEPT" style="contain-intrinsic-size: 198px 340px;"><div class="sans-serif mid-gray relative flex flex-column w-100 hide-child-opacity" data-item-id="5TA2C0QATEPT" role="group"><a class="w-100 h-100 z-1 hide-sibling-opacity absolute" href="/ip/Kraft-Velveeta-Slices-20-Ct-Cheese-16-Oz/10295537?classType=REGULAR&amp;from=/search" link-identifier="10295537" target=""><span class="w_iUH7">Velveeta Slices Original Cheese, 24 Ct Pk </span></a><div class="" data-testid="list-view"><div class=""><div class=""><div class="h2 relative nowrap mb1"></div><div class="relative"><div class="relative overflow-hidden" style="max-width: 290px; height: 0px; padding-bottom: min(290px, 100%); align-self: center; width: min(290px, 100%);"><span><button aria-label="Sign in to add to Favorites list, Velveeta Slices Original Cheese, 24 Ct Pk" class="bg-white pointer pa0 black bn mt1 mr1 pa1 br4 absolute top-0 right-0 z-2" data-automation-id="heart-item" style="width: 32px; height: 32px;" type="button"><i aria-hidden="true" class="ld ld-Heart" style="font-size: 1.5rem; vertical-align: -0.25em; padding-top: 1px; width: 1.5rem; height: 1.5rem; box-sizing: content-box;"></i></button></span><img alt="Velveeta Slices Original Cheese, 24 Ct Pk" class="absolute top-0 left-0" data-testid="productTileImage" height="" id="is-0-productImage-34" loading="lazy" src="https://i5.walmartimages.com/seo/Velveeta-Slices-Original-Cheese-24-Ct-Pk_1ed2df70-60c2-431d-a4b9-97f85015825b.ca42a5c5d7056d07ea047914f8a40472.jpeg?odnHeight=580&amp;odnWidth=580&amp;odnBg=FFFFFF" srcset="https://i5.walmartimages.com/seo/Velveeta-Slices-Original-Cheese-24-Ct-Pk_1ed2df70-60c2-431d-a4b9-97f85015825b.ca42a5c5d7056d07ea047914f8a40472.jpeg?odnHeight=290&amp;odnWidth=290&amp;odnBg=FFFFFF 1x, https://i5.walmartimages.com/seo/Velveeta-Slices-Original-Cheese-24-Ct-Pk_1ed2df70-60c2-431d-a4b9-97f85015825b.ca42a5c5d7056d07ea047914f8a40472.jpeg?odnHeight=580&amp;odnWidth=580&amp;odnBg=FFFFFF 2x" width=""/></div><div class="z-2 relative mt3"><div class="relative dib flex-row-reverse" data-id="5TA2C0QATEPT"><button aria-label="Add to cart - Velveeta Slices Original Cheese, 24 Ct Pk" class="w_hhLG w_8nsR w_jDfj pointer bn sans-serif b ph2 flex items-center justify-center w-auto shadow-1" data-automation-id="add-to-cart" data-pcss-hide="true" type="button"><i class="ld ld-Plus" style="font-size: 1.5rem; vertical-align: -0.25em; width: 1.5rem; height: 1.5rem; box-sizing: content-box;" title="add to cart"></i><span class="mr2">Add</span></button></div></div></div><div class="mt3"></div></div><div class=""><div class="flex flex-wrap justify-start items-center lh-title mb1" data-automation-id="product-price"><div aria-hidden="true" class="mr1 mr2-xl b black lh-solid f5 f4-l"><span class="f3"></span><span class="f6 f5-l" style="vertical-align: 0.65ex; margin-right: 2px;">$</span><span class="f2">3</span><span class="f6 f5-l" style="vertical-align: 0.75ex;">88</span></div><span class="w_iUH7">current price $3.88</span><div class="gray mr1 f6 f5-l flex items-end mt1">$3.88/lb</div></div><span class="w_V_DM" style="-webkit-line-clamp: 3; padding-bottom: 0.1em; margin-bottom: -0.1em;"><span class="normal dark-gray mb0 mt1 lh-title f6 f5-l lh-copy" data-automation-id="product-title">Velveeta Slices Original Cheese, 24 Ct Pk</span></span><div class="mt2"><img alt="ebt" aria-hidden="true" class="v-mid pb1 mr2" height="20" loading="lazy" src="//i5.walmartimages.com/dfw/63fd9f59-2845/2044d79e-92d5-4c08-90a2-0480444a877f/v1/EBT-Logo.svg" width="30"/><span class="gray f6-l f5-m">EBT eligible</span></div><div></div><div class="mt2" data-automation-id="fulfillment-badge"><div class="f7 flex self-baseline dark-gray"><div>Pickup <span class="b">today</span></div></div></div></div></div></div></div></div></div><div class="mb0 ph0-xl pt0-xl bb b--near-white w-25 pb3-m ph1"><div class="h-100 pr4-xl pt3" io-id="1IYX7K0XUFHD" style="contain-intrinsic-size: 198px 340px;"><div class="sans-serif mid-gray relative flex flex-column w-100 hide-child-opacity" data-item-id="1IYX7K0XUFHD" role="group"><a class="w-100 h-100 z-1 hide-sibling-opacity absolute" href="/ip/Great-Value-Colby-Monterey-Jack-Cheese-16-oz-Block-Plastic-Packaging/10452511?classType=REGULAR&amp;from=/search" link-identifier="10452511" target=""><span class="w_iUH7">Great Value Colby &amp; Monterey Jack Cheese, 16 oz Block (Plastic Packaging) </span></a><div class="" data-testid="list-view"><div class=""><div class=""><div class="h2 relative nowrap mb1"></div><div class="relative"><div class="relative overflow-hidden" style="max-width: 290px; height: 0px; padding-bottom: min(290px, 100%); align-self: center; width: min(290px, 100%);"><span><button aria-label="Sign in to add to Favorites list, Great Value Colby &amp; Monterey Jack Cheese, 16 oz Block (Plastic Packaging)" class="bg-white pointer pa0 black bn mt1 mr1 pa1 br4 absolute top-0 right-0 z-2" data-automation-id="heart-item" style="width: 32px; height: 32px;" type="button"><i aria-hidden="true" class="ld ld-Heart" style="font-size: 1.5rem; vertical-align: -0.25em; padding-top: 1px; width: 1.5rem; height: 1.5rem; box-sizing: content-box;"></i></button></span><img alt="Great Value Colby &amp; Monterey Jack Cheese, 16 oz Block (Plastic Packaging)" class="absolute top-0 left-0" data-testid="productTileImage" height="" id="is-0-productImage-35" loading="lazy" src="https://i5.walmartimages.com/seo/Great-Value-Colby-Monterey-Jack-Cheese-16-oz-Block-Plastic-Packaging_bd7134d5-3ada-42bb-8d26-801d3b10ae2e.e2556a21cd2d378ea6d8565e58675c23.jpeg?odnHeight=580&amp;odnWidth=580&amp;odnBg=FFFFFF" srcset="https://i5.walmartimages.com/seo/Great-Value-Colby-Monterey-Jack-Cheese-16-oz-Block-Plastic-Packaging_bd7134d5-3ada-42bb-8d26-801d3b10ae2e.e2556a21cd2d378ea6d8565e58675c23.jpeg?odnHeight=290&amp;odnWidth=290&amp;odnBg=FFFFFF 1x, https://i5.walmartimages.com/seo/Great-Value-Colby-Monterey-Jack-Cheese-16-oz-Block-Plastic-Packaging_bd7134d5-3ada-42bb-8d26-801d3b10ae2e.e2556a21cd2d378ea6d8565e58675c23.jpeg?odnHeight=580&amp;odnWidth=580&amp;odnBg=FFFFFF 2x" width=""/></div><div class="z-2 relative mt3"><div class="relative dib flex-row-reverse" data-id="1IYX7K0XUFHD"><button aria-label="Add to cart - Great Value Colby &amp; Monterey Jack Cheese, 16 oz Block (Plastic Packaging)" class="w_hhLG w_8nsR w_jDfj pointer bn sans-serif b ph2 flex items-center justify-center w-auto shadow-1" data-automation-id="add-to-cart" data-pcss-hide="true" type="button"><i class="ld ld-Plus" style="font-size: 1.5rem; vertical-align: -0.25em; width: 1.5rem; height: 1.5rem; box-sizing: content-box;" title="add to cart"></i><span class="mr2">Add</span></button></div></div></div><div class="mt3"></div></div><div class=""><div class="flex flex-wrap justify-start items-center lh-title mb1" data-automation-id="product-price"><div aria-hidden="true" class="mr1 mr2-xl b black lh-solid f5 f4-l"><span class="f3"></span><span class="f6 f5-l" style="vertical-align: 0.65ex; margin-right: 2px;">$</span><span class="f2">4</span><span class="f6 f5-l" style="vertical-align: 0.75ex;">22</span></div><span class="w_iUH7">current price $4.22</span><div class="gray mr1 f6 f5-l flex items-end mt1">$4.22/lb</div></div><span class="w_V_DM" style="-webkit-line-clamp: 3; padding-bottom: 0.1em; margin-bottom: -0.1em;"><span class="normal dark-gray mb0 mt1 lh-title f6 f5-l lh-copy" data-automation-id="product-title">Great Value Colby &amp; Monterey Jack Cheese, 16 oz Block (Plastic Packaging)</span></span><div class="mt2"><img alt="ebt" aria-hidden="true" class="v-mid pb1 mr2" height="20" loading="lazy" src="//i5.walmartimages.com/dfw/63fd9f59-2845/2044d79e-92d5-4c08-90a2-0480444a877f/v1/EBT-Logo.svg" width="30"/><span class="gray f6-l f5-m">EBT eligible</span></div><div></div><div class="mt2" data-automation-id="fulfillment-badge"><div class="f7 flex self-baseline dark-gray"><div>Pickup <span class="b">today</span></div></div></div></div></div></div></div></div></div><div class="mb0 ph0-xl pt0-xl bb b--near-white w-25 pb3-m ph1"><div class="h-100 pr4-xl pt3" io-id="77X67Z379UP4" style="contain-intrinsic-size: 198px 340px;"><div class="sans-serif mid-gray relative flex flex-column w-100 hide-child-opacity" data-item-id="77X67Z379UP4" role="group"><a class="w-100 h-100 z-1 hide-sibling-opacity absolute" href="/ip/Great-Value-Finely-Shredded-Sharp-Cheddar-Cheese-8-oz/10452431?classType=REGULAR&amp;athbdg=L1300&amp;from=/search" link-identifier="10452431" target=""><span class="w_iUH7">Great Value Finely Shredded Sharp Cheddar Cheese, 8 oz </span></a><div class="" data-testid="list-view"><div class=""><div class=""><div class="h2 relative nowrap mb1"><span class="w_VbBP w_WKt3 w_U23Z tag-leading-badge absolute" style="background: rgb(222, 28, 36); color: rgb(255, 255, 255); border-radius: 4px; font-weight: 700;">Rollback</span></div><div class="relative"><div class="relative overflow-hidden" style="max-width: 290px; height: 0px; padding-bottom: min(290px, 100%); align-self: center; width: min(290px, 100%);"><span><button aria-label="Sign in to add to Favorites list, Great Value Finely Shredded Sharp Cheddar Cheese, 8 oz" class="bg-white pointer pa0 black bn mt1 mr1 pa1 br4 absolute top-0 right-0 z-2" data-automation-id="heart-item" style="width: 32px; height: 32px;" type="button"><i aria-hidden="true" class="ld ld-Heart" style="font-size: 1.5rem; vertical-align: -0.25em; padding-top: 1px; width: 1.5rem; height: 1.5rem; box-sizing: content-box;"></i></button></span><img alt="Great Value Finely Shredded Sharp Cheddar Cheese, 8 oz" class="absolute top-0 left-0" data-testid="productTileImage" height="" id="is-0-productImage-36" loading="lazy" src="https://i5.walmartimages.com/seo/Great-Value-Finely-Shredded-Sharp-Cheddar-Cheese-8-oz_3f490f17-2f67-4e06-9080-4d1c1aa9312e.783aa9b49dcdb9e518be4f97f7a4f158.jpeg?odnHeight=580&amp;odnWidth=580&amp;odnBg=FFFFFF" srcset="https://i5.walmartimages.com/seo/Great-Value-Finely-Shredded-Sharp-Cheddar-Cheese-8-oz_3f490f17-2f67-4e06-9080-4d1c1aa9312e.783aa9b49dcdb9e518be4f97f7a4f158.jpeg?odnHeight=290&amp;odnWidth=290&amp;odnBg=FFFFFF 1x, https://i5.walmartimages.com/seo/Great-Value-Finely-Shredded-Sharp-Cheddar-Cheese-8-oz_3f490f17-2f67-4e06-9080-4d1c1aa9312e.783aa9b49dcdb9e518be4f97f7a4f158.jpeg?odnHeight=580&amp;odnWidth=580&amp;odnBg=FFFFFF 2x" width=""/></div><div class="z-2 relative mt3"><div class="relative dib flex-row-reverse" data-id="77X67Z379UP4"><button aria-label="Add to cart - Great Value Finely Shredded Sharp Cheddar Cheese, 8 oz" class="w_hhLG w_8nsR w_jDfj pointer bn sans-serif b ph2 flex items-center justify-center w-auto shadow-1" data-automation-id="add-to-cart" data-pcss-hide="true" type="button"><i class="ld ld-Plus" style="font-size: 1.5rem; vertical-align: -0.25em; width: 1.5rem; height: 1.5rem; box-sizing: content-box;" title="add to cart"></i><span class="mr2">Add</span></button></div></div></div><div class="mt3"></div></div><div class=""><div class="flex flex-wrap justify-start items-center lh-title mb1" data-automation-id="product-price"><div aria-hidden="true" class="mr1 mr2-xl b black green lh-solid f5 f4-l"><span class="f3 mr1">Now</span><span class="f6 f5-l" style="vertical-align: 0.65ex; margin-right: 2px;">$</span><span class="f2">1</span><span class="f6 f5-l" style="vertical-align: 0.75ex;">97</span></div><span class="w_iUH7">current price Now $1.97</span><div aria-hidden="true" class="gray mr1 strike f6 f4-l flex items-end mt1">$2.24</div><span class="w_iUH7">Was $2.24</span><div class="gray mr1 f6 f5-l flex items-end mt1">$3.94/lb</div></div><span class="w_V_DM" style="-webkit-line-clamp: 3; padding-bottom: 0.1em; margin-bottom: -0.1em;"><span class="normal dark-gray mb0 mt1 lh-title f6 f5-l lh-copy" data-automation-id="product-title">Great Value Finely Shredded Sharp Cheddar Cheese, 8 oz</span></span><div class="mt2"><img alt="ebt" aria-hidden="true" class="v-mid pb1 mr2" height="20" loading="lazy" src="//i5.walmartimages.com/dfw/63fd9f59-2845/2044d79e-92d5-4c08-90a2-0480444a877f/v1/EBT-Logo.svg" width="30"/><span class="gray f6-l f5-m">EBT eligible</span></div><div></div><div class="mt2" data-automation-id="fulfillment-badge"><div class="f7 flex self-baseline dark-gray"><div>Pickup <span class="b">today</span></div></div></div></div></div></div></div></div></div><div class="mb0 ph0-xl pt0-xl bb b--near-white w-25 pb3-m ph1"><div class="h-100 pr4-xl pt3" io-id="1Z24HY19LGQV" style="contain-intrinsic-size: 198px 340px;"><div class="sans-serif mid-gray relative flex flex-column w-100 hide-child-opacity" data-item-id="1Z24HY19LGQV" role="group"><a class="w-100 h-100 z-1 hide-sibling-opacity absolute" href="/ip/Great-Value-Deli-Style-Sliced-Swiss-Cheese-8oz-12-Slices-Plastic-Packaging/152351343?classType=REGULAR&amp;from=/search" link-identifier="152351343" target=""><span class="w_iUH7">Great Value Deli Style Sliced Swiss Cheese, 8oz, 12 Slices (Plastic Packaging) </span></a><div class="" data-testid="list-view"><div class=""><div class=""><div class="h2 relative nowrap mb1"></div><div class="relative"><div class="relative overflow-hidden" style="max-width: 290px; height: 0px; padding-bottom: min(290px, 100%); align-self: center; width: min(290px, 100%);"><span><button aria-label="Sign in to add to Favorites list, Great Value Deli Style Sliced Swiss Cheese, 8oz, 12 Slices (Plastic Packaging)" class="bg-white pointer pa0 black bn mt1 mr1 pa1 br4 absolute top-0 right-0 z-2" data-automation-id="heart-item" style="width: 32px; height: 32px;" type="button"><i aria-hidden="true" class="ld ld-Heart" style="font-size: 1.5rem; vertical-align: -0.25em; padding-top: 1px; width: 1.5rem; height: 1.5rem; box-sizing: content-box;"></i></button></span><img alt="Great Value Deli Style Sliced Swiss Cheese, 8oz, 12 Slices (Plastic Packaging)" class="absolute top-0 left-0" data-testid="productTileImage" height="" id="is-0-productImage-37" loading="lazy" src="https://i5.walmartimages.com/seo/Great-Value-Deli-Style-Sliced-Swiss-Cheese-8oz-12-Slices-Plastic-Packaging_9f43892f-9377-4c34-af8a-4e7d86f851bf.a2c0b0528dc215cc60698cf0fd59d033.jpeg?odnHeight=580&amp;odnWidth=580&amp;odnBg=FFFFFF" srcset="https://i5.walmartimages.com/seo/Great-Value-Deli-Style-Sliced-Swiss-Cheese-8oz-12-Slices-Plastic-Packaging_9f43892f-9377-4c34-af8a-4e7d86f851bf.a2c0b0528dc215cc60698cf0fd59d033.jpeg?odnHeight=290&amp;odnWidth=290&amp;odnBg=FFFFFF 1x, https://i5.walmartimages.com/seo/Great-Value-Deli-Style-Sliced-Swiss-Cheese-8oz-12-Slices-Plastic-Packaging_9f43892f-9377-4c34-af8a-4e7d86f851bf.a2c0b0528dc215cc60698cf0fd59d033.jpeg?odnHeight=580&amp;odnWidth=580&amp;odnBg=FFFFFF 2x" width=""/></div><div class="z-2 relative mt3"><div class="relative dib flex-row-reverse" data-id="1Z24HY19LGQV"><button aria-label="Add to cart - Great Value Deli Style Sliced Swiss Cheese, 8oz, 12 Slices (Plastic Packaging)" class="w_hhLG w_8nsR w_jDfj pointer bn sans-serif b ph2 flex items-center justify-center w-auto shadow-1" data-automation-id="add-to-cart" data-pcss-hide="true" type="button"><i class="ld ld-Plus" style="font-size: 1.5rem; vertical-align: -0.25em; width: 1.5rem; height: 1.5rem; box-sizing: content-box;" title="add to cart"></i><span class="mr2">Add</span></button></div></div></div><div class="mt3"></div></div><div class=""><div class="flex flex-wrap justify-start items-center lh-title mb1" data-automation-id="product-price"><div aria-hidden="true" class="mr1 mr2-xl b black lh-solid f5 f4-l"><span class="f3"></span><span class="f6 f5-l" style="vertical-align: 0.65ex; margin-right: 2px;">$</span><span class="f2">2</span><span class="f6 f5-l" style="vertical-align: 0.75ex;">24</span></div><span class="w_iUH7">current price $2.24</span><div class="gray mr1 f6 f5-l flex items-end mt1">$4.48/lb</div></div><span class="w_V_DM" style="-webkit-line-clamp: 3; padding-bottom: 0.1em; margin-bottom: -0.1em;"><span class="normal dark-gray mb0 mt1 lh-title f6 f5-l lh-copy" data-automation-id="product-title">Great Value Deli Style Sliced Swiss Cheese, 8oz, 12 Slices (Plastic Packaging)</span></span><div class="mt2"><img alt="ebt" aria-hidden="true" class="v-mid pb1 mr2" height="20" loading="lazy" src="//i5.walmartimages.com/dfw/63fd9f59-2845/2044d79e-92d5-4c08-90a2-0480444a877f/v1/EBT-Logo.svg" width="30"/><span class="gray f6-l f5-m">EBT eligible</span></div><div></div><div class="mt2" data-automation-id="fulfillment-badge"><div class="f7 flex self-baseline dark-gray"><div>Pickup <span class="b">today</span></div></div></div></div></div></div></div></div></div><div class="mb0 ph0-xl pt0-xl bb b--near-white w-25 pb3-m ph1"><div class="h-100 pr4-xl pt3" io-id="5UZ8S1G32GKH" style="contain-intrinsic-size: 198px 340px;"><div class="sans-serif mid-gray relative flex flex-column w-100 hide-child-opacity" data-item-id="5UZ8S1G32GKH" role="group"><a class="w-100 h-100 z-1 hide-sibling-opacity absolute" href="/ip/Kraft-Singles-American-Cheese-Slices-16-Ct-Pk/11964619?classType=REGULAR&amp;from=/search" link-identifier="11964619" target=""><span class="w_iUH7">Kraft Singles American Cheese Slices, 16 Ct Pk </span></a><div class="" data-testid="list-view"><div class=""><div class=""><div class="h2 relative nowrap mb1"></div><div class="relative"><div class="relative overflow-hidden" style="max-width: 290px; height: 0px; padding-bottom: min(290px, 100%); align-self: center; width: min(290px, 100%);"><span><button aria-label="Sign in to add to Favorites list, Kraft Singles American Cheese Slices, 16 Ct Pk" class="bg-white pointer pa0 black bn mt1 mr1 pa1 br4 absolute top-0 right-0 z-2" data-automation-id="heart-item" style="width: 32px; height: 32px;" type="button"><i aria-hidden="true" class="ld ld-Heart" style="font-size: 1.5rem; vertical-align: -0.25em; padding-top: 1px; width: 1.5rem; height: 1.5rem; box-sizing: content-box;"></i></button></span><img alt="Kraft Singles American Cheese Slices, 16 Ct Pk" class="absolute top-0 left-0" data-testid="productTileImage" height="" id="is-0-productImage-38" loading="lazy" src="https://i5.walmartimages.com/seo/Kraft-Singles-American-Cheese-Slices-16-Ct-Pk_0f082934-8305-49f7-8eea-019aa6357ca5.e28dccb3e3ae3b04724f22803411c2c2.jpeg?odnHeight=580&amp;odnWidth=580&amp;odnBg=FFFFFF" srcset="https://i5.walmartimages.com/seo/Kraft-Singles-American-Cheese-Slices-16-Ct-Pk_0f082934-8305-49f7-8eea-019aa6357ca5.e28dccb3e3ae3b04724f22803411c2c2.jpeg?odnHeight=290&amp;odnWidth=290&amp;odnBg=FFFFFF 1x, https://i5.walmartimages.com/seo/Kraft-Singles-American-Cheese-Slices-16-Ct-Pk_0f082934-8305-49f7-8eea-019aa6357ca5.e28dccb3e3ae3b04724f22803411c2c2.jpeg?odnHeight=580&amp;odnWidth=580&amp;odnBg=FFFFFF 2x" width=""/></div><div class="z-2 relative mt3"><div class="relative dib flex-row-reverse" data-id="5UZ8S1G32GKH"><button aria-label="Add to cart - Kraft Singles American Cheese Slices, 16 Ct Pk" class="w_hhLG w_8nsR w_jDfj pointer bn sans-serif b ph2 flex items-center justify-center w-auto shadow-1" data-automation-id="add-to-cart" data-pcss-hide="true" type="button"><i class="ld ld-Plus" style="font-size: 1.5rem; vertical-align: -0.25em; width: 1.5rem; height: 1.5rem; box-sizing: content-box;" title="add to cart"></i><span class="mr2">Add</span></button></div></div></div><div class="mt3"></div></div><div class=""><div class="flex flex-wrap justify-start items-center lh-title mb1" data-automation-id="product-price"><div aria-hidden="true" class="mr1 mr2-xl b black lh-solid f5 f4-l"><span class="f3"></span><span class="f6 f5-l" style="vertical-align: 0.65ex; margin-right: 2px;">$</span><span class="f2">3</span><span class="f6 f5-l" style="vertical-align: 0.75ex;">86</span></div><span class="w_iUH7">current price $3.86</span><div class="gray mr1 f6 f5-l flex items-end mt1">$5.15/lb</div></div><span class="w_V_DM" style="-webkit-line-clamp: 3; padding-bottom: 0.1em; margin-bottom: -0.1em;"><span class="normal dark-gray mb0 mt1 lh-title f6 f5-l lh-copy" data-automation-id="product-title">Kraft Singles American Cheese Slices, 16 Ct Pk</span></span><div class="mt2"><img alt="ebt" aria-hidden="true" class="v-mid pb1 mr2" height="20" loading="lazy" src="//i5.walmartimages.com/dfw/63fd9f59-2845/2044d79e-92d5-4c08-90a2-0480444a877f/v1/EBT-Logo.svg" width="30"/><span class="gray f6-l f5-m">EBT eligible</span></div><div></div><div class="mt2" data-automation-id="fulfillment-badge"><div class="f7 flex self-baseline dark-gray"><div>Pickup <span class="b">today</span></div></div></div></div></div></div></div></div></div><div class="mb0 ph0-xl pt0-xl bb b--near-white w-25 pb3-m ph1"><div class="h-100 pr4-xl pt3" io-id="559IKYXGV5QH" style="contain-intrinsic-size: 198px 340px;"><div class="sans-serif mid-gray relative flex flex-column w-100 hide-child-opacity" data-item-id="559IKYXGV5QH" role="group"><a class="w-100 h-100 z-1 hide-sibling-opacity absolute" href="/ip/Kraft-Finely-Shredded-Mexican-Style-Four-Cheese-Blend-8-oz/47088918?classType=REGULAR&amp;from=/search" link-identifier="47088918" target=""><span class="w_iUH7">Kraft Mexican Style Four Cheese Blend Shredded Cheese, 8 oz Bag </span></a><div class="" data-testid="list-view"><div class=""><div class=""><div class="h2 relative nowrap mb1"></div><div class="relative"><div class="relative overflow-hidden" style="max-width: 290px; height: 0px; padding-bottom: min(290px, 100%); align-self: center; width: min(290px, 100%);"><span><button aria-label="Sign in to add to Favorites list, Kraft Mexican Style Four Cheese Blend Shredded Cheese, 8 oz Bag" class="bg-white pointer pa0 black bn mt1 mr1 pa1 br4 absolute top-0 right-0 z-2" data-automation-id="heart-item" style="width: 32px; height: 32px;" type="button"><i aria-hidden="true" class="ld ld-Heart" style="font-size: 1.5rem; vertical-align: -0.25em; padding-top: 1px; width: 1.5rem; height: 1.5rem; box-sizing: content-box;"></i></button></span><img alt="Kraft Mexican Style Four Cheese Blend Shredded Cheese, 8 oz Bag" class="absolute top-0 left-0" data-testid="productTileImage" height="" id="is-0-productImage-39" loading="lazy" src="https://i5.walmartimages.com/seo/Kraft-Mexican-Style-Four-Cheese-Blend-Shredded-Cheese-8-oz-Bag_cdacc1a2-5c24-4a5b-b47c-dd546d9b58c6.01361f3f270c4e7063f13d0081a8c0e8.jpeg?odnHeight=580&amp;odnWidth=580&amp;odnBg=FFFFFF" srcset="https://i5.walmartimages.com/seo/Kraft-Mexican-Style-Four-Cheese-Blend-Shredded-Cheese-8-oz-Bag_cdacc1a2-5c24-4a5b-b47c-dd546d9b58c6.01361f3f270c4e7063f13d0081a8c0e8.jpeg?odnHeight=290&amp;odnWidth=290&amp;odnBg=FFFFFF 1x, https://i5.walmartimages.com/seo/Kraft-Mexican-Style-Four-Cheese-Blend-Shredded-Cheese-8-oz-Bag_cdacc1a2-5c24-4a5b-b47c-dd546d9b58c6.01361f3f270c4e7063f13d0081a8c0e8.jpeg?odnHeight=580&amp;odnWidth=580&amp;odnBg=FFFFFF 2x" width=""/></div><div class="z-2 relative mt3"><div class="relative dib flex-row-reverse" data-id="559IKYXGV5QH"><button aria-label="Add to cart - Kraft Mexican Style Four Cheese Blend Shredded Cheese, 8 oz Bag" class="w_hhLG w_8nsR w_jDfj pointer bn sans-serif b ph2 flex items-center justify-center w-auto shadow-1" data-automation-id="add-to-cart" data-pcss-hide="true" type="button"><i class="ld ld-Plus" style="font-size: 1.5rem; vertical-align: -0.25em; width: 1.5rem; height: 1.5rem; box-sizing: content-box;" title="add to cart"></i><span class="mr2">Add</span></button></div></div></div><div class="mt3"></div></div><div class=""><div class="flex flex-wrap justify-start items-center lh-title mb1" data-automation-id="product-price"><div aria-hidden="true" class="mr1 mr2-xl b black lh-solid f5 f4-l"><span class="f3"></span><span class="f6 f5-l" style="vertical-align: 0.65ex; margin-right: 2px;">$</span><span class="f2">2</span><span class="f6 f5-l" style="vertical-align: 0.75ex;">98</span></div><span class="w_iUH7">current price $2.98</span><div class="gray mr1 f6 f5-l flex items-end mt1">$5.96/lb</div></div><span class="w_V_DM" style="-webkit-line-clamp: 3; padding-bottom: 0.1em; margin-bottom: -0.1em;"><span class="normal dark-gray mb0 mt1 lh-title f6 f5-l lh-copy" data-automation-id="product-title">Kraft Mexican Style Four Cheese Blend Shredded Cheese, 8 oz Bag</span></span><div class="mt2"><img alt="ebt" aria-hidden="true" class="v-mid pb1 mr2" height="20" loading="lazy" src="//i5.walmartimages.com/dfw/63fd9f59-2845/2044d79e-92d5-4c08-90a2-0480444a877f/v1/EBT-Logo.svg" width="30"/><span class="gray f6-l f5-m">EBT eligible</span></div><div></div><div class="mt2" data-automation-id="fulfillment-badge"><div class="f7 flex self-baseline dark-gray"><div>Pickup <span class="b">today</span></div></div></div></div></div></div></div></div></div><div class="mb0 ph0-xl pt0-xl bb b--near-white w-25 pb3-m ph1"><div class="h-100 pr4-xl pt3" io-id="1O0YKBLQ39WQ" style="contain-intrinsic-size: 198px 340px;"><div class="sans-serif mid-gray relative flex flex-column w-100 hide-child-opacity" data-item-id="1O0YKBLQ39WQ" role="group"><a class="w-100 h-100 z-1 hide-sibling-opacity absolute" href="/ip/Great-Value-Shredded-Colby-Monterey-Jack-Cheese-32-oz/10452560?classType=REGULAR&amp;athbdg=L1300&amp;from=/search" link-identifier="10452560" target=""><span class="w_iUH7">Great Value Shredded Colby &amp; Monterey Jack Cheese, 32 oz </span></a><div class="" data-testid="list-view"><div class=""><div class=""><div class="h2 relative nowrap mb1"><span class="w_VbBP w_WKt3 w_U23Z tag-leading-badge absolute" style="background: rgb(222, 28, 36); color: rgb(255, 255, 255); border-radius: 4px; font-weight: 700;">Rollback</span></div><div class="relative"><div class="relative overflow-hidden" style="max-width: 290px; height: 0px; padding-bottom: min(290px, 100%); align-self: center; width: min(290px, 100%);"><span><button aria-label="Sign in to add to Favorites list, Great Value Shredded Colby &amp; Monterey Jack Cheese, 32 oz" class="bg-white pointer pa0 black bn mt1 mr1 pa1 br4 absolute top-0 right-0 z-2" data-automation-id="heart-item" style="width: 32px; height: 32px;" type="button"><i aria-hidden="true" class="ld ld-Heart" style="font-size: 1.5rem; vertical-align: -0.25em; padding-top: 1px; width: 1.5rem; height: 1.5rem; box-sizing: content-box;"></i></button></span><img alt="Great Value Shredded Colby &amp; Monterey Jack Cheese, 32 oz" class="absolute top-0 left-0" data-testid="productTileImage" height="" id="is-0-productImage-40" loading="lazy" src="https://i5.walmartimages.com/seo/Great-Value-Shredded-Colby-Monterey-Jack-Cheese-32-oz_dd28ae44-3bcc-4640-b90d-7d9dde26d60e.c143fcd8e52ed32908d3049c0b7107d0.jpeg?odnHeight=580&amp;odnWidth=580&amp;odnBg=FFFFFF" srcset="https://i5.walmartimages.com/seo/Great-Value-Shredded-Colby-Monterey-Jack-Cheese-32-oz_dd28ae44-3bcc-4640-b90d-7d9dde26d60e.c143fcd8e52ed32908d3049c0b7107d0.jpeg?odnHeight=290&amp;odnWidth=290&amp;odnBg=FFFFFF 1x, https://i5.walmartimages.com/seo/Great-Value-Shredded-Colby-Monterey-Jack-Cheese-32-oz_dd28ae44-3bcc-4640-b90d-7d9dde26d60e.c143fcd8e52ed32908d3049c0b7107d0.jpeg?odnHeight=580&amp;odnWidth=580&amp;odnBg=FFFFFF 2x" width=""/></div><div class="z-2 relative mt3"><div class="relative dib flex-row-reverse" data-id="1O0YKBLQ39WQ"><button aria-label="Add to cart - Great Value Shredded Colby &amp; Monterey Jack Cheese, 32 oz" class="w_hhLG w_8nsR w_jDfj pointer bn sans-serif b ph2 flex items-center justify-center w-auto shadow-1" data-automation-id="add-to-cart" data-pcss-hide="true" type="button"><i class="ld ld-Plus" style="font-size: 1.5rem; vertical-align: -0.25em; width: 1.5rem; height: 1.5rem; box-sizing: content-box;" title="add to cart"></i><span class="mr2">Add</span></button></div></div></div><div class="mt3"></div></div><div class=""><div class="flex flex-wrap justify-start items-center lh-title mb1" data-automation-id="product-price"><div aria-hidden="true" class="mr1 mr2-xl b black green lh-solid f5 f4-l"><span class="f3 mr1">Now</span><span class="f6 f5-l" style="vertical-align: 0.65ex; margin-right: 2px;">$</span><span class="f2">7</span><span class="f6 f5-l" style="vertical-align: 0.75ex;">38</span></div><span class="w_iUH7">current price Now $7.38</span><div aria-hidden="true" class="gray mr1 strike f6 f4-l flex items-end mt1">$8.24</div><span class="w_iUH7">Was $8.24</span><div class="gray mr1 f6 f5-l flex items-end mt1">$3.69/lb</div></div><span class="w_V_DM" style="-webkit-line-clamp: 3; padding-bottom: 0.1em; margin-bottom: -0.1em;"><span class="normal dark-gray mb0 mt1 lh-title f6 f5-l lh-copy" data-automation-id="product-title">Great Value Shredded Colby &amp; Monterey Jack Cheese, 32 oz</span></span><div class="mt2"><img alt="ebt" aria-hidden="true" class="v-mid pb1 mr2" height="20" loading="lazy" src="//i5.walmartimages.com/dfw/63fd9f59-2845/2044d79e-92d5-4c08-90a2-0480444a877f/v1/EBT-Logo.svg" width="30"/><span class="gray f6-l f5-m">EBT eligible</span></div><div></div><div class="mt2" data-automation-id="fulfillment-badge"><div class="f7 flex self-baseline dark-gray"><div>Pickup <span class="b">today</span></div></div></div></div></div></div></div></div></div><div class="mb0 ph0-xl pt0-xl bb b--near-white w-25 pb3-m ph1"><div class="h-100 pr4-xl pt3" io-id="25QS8TXR7LUT" style="contain-intrinsic-size: 198px 340px;"><div class="sans-serif mid-gray relative flex flex-column w-100 hide-child-opacity" data-item-id="25QS8TXR7LUT" role="group"><a class="w-100 h-100 z-1 hide-sibling-opacity absolute" href="/ip/Great-Value-Pepper-Jack-Cheese-8-oz-Block-Plastic-Packaging/10452775?classType=REGULAR&amp;from=/search" link-identifier="10452775" target=""><span class="w_iUH7">Great Value Pepper Jack Cheese, 8 oz Block (Plastic Packaging) </span></a><div class="" data-testid="list-view"><div class=""><div class=""><div class="relative"><div class="relative overflow-hidden" style="max-width: 290px; height: 0px; padding-bottom: min(290px, 100%); align-self: center; width: min(290px, 100%);"><span><button aria-label="Sign in to add to Favorites list, Great Value Pepper Jack Cheese, 8 oz Block (Plastic Packaging)" class="bg-white pointer pa0 black bn mt1 mr1 pa1 br4 absolute top-0 right-0 z-2" data-automation-id="heart-item" style="width: 32px; height: 32px;" type="button"><i aria-hidden="true" class="ld ld-Heart" style="font-size: 1.5rem; vertical-align: -0.25em; padding-top: 1px; width: 1.5rem; height: 1.5rem; box-sizing: content-box;"></i></button></span><img alt="Great Value Pepper Jack Cheese, 8 oz Block (Plastic Packaging)" class="absolute top-0 left-0" data-testid="productTileImage" height="" id="is-0-productImage-41" loading="lazy" src="https://i5.walmartimages.com/seo/Great-Value-Pepper-Jack-Cheese-8-oz-Block-Plastic-Packaging_8ff9b181-0b1c-4dbe-b752-8fb8b5f3db3e.6526669959ea1acfdaa96307e76e65fb.jpeg?odnHeight=580&amp;odnWidth=580&amp;odnBg=FFFFFF" srcset="https://i5.walmartimages.com/seo/Great-Value-Pepper-Jack-Cheese-8-oz-Block-Plastic-Packaging_8ff9b181-0b1c-4dbe-b752-8fb8b5f3db3e.6526669959ea1acfdaa96307e76e65fb.jpeg?odnHeight=290&amp;odnWidth=290&amp;odnBg=FFFFFF 1x, https://i5.walmartimages.com/seo/Great-Value-Pepper-Jack-Cheese-8-oz-Block-Plastic-Packaging_8ff9b181-0b1c-4dbe-b752-8fb8b5f3db3e.6526669959ea1acfdaa96307e76e65fb.jpeg?odnHeight=580&amp;odnWidth=580&amp;odnBg=FFFFFF 2x" width=""/></div><div class="z-2 relative mt3"><div class="relative dib flex-row-reverse" data-id="25QS8TXR7LUT"><button aria-label="Add to cart - Great Value Pepper Jack Cheese, 8 oz Block (Plastic Packaging)" class="w_hhLG w_8nsR w_jDfj pointer bn sans-serif b ph2 flex items-center justify-center w-auto shadow-1" data-automation-id="add-to-cart" data-pcss-hide="true" type="button"><i class="ld ld-Plus" style="font-size: 1.5rem; vertical-align: -0.25em; width: 1.5rem; height: 1.5rem; box-sizing: content-box;" title="add to cart"></i><span class="mr2">Add</span></button></div></div></div><div class="mt3"></div></div><div class=""><div class="flex flex-wrap justify-start items-center lh-title mb1" data-automation-id="product-price"><div aria-hidden="true" class="mr1 mr2-xl b black lh-solid f5 f4-l"><span class="f3"></span><span class="f6 f5-l" style="vertical-align: 0.65ex; margin-right: 2px;">$</span><span class="f2">2</span><span class="f6 f5-l" style="vertical-align: 0.75ex;">24</span></div><span class="w_iUH7">current price $2.24</span><div class="gray mr1 f6 f5-l flex items-end mt1">$4.48/lb</div></div><span class="w_V_DM" style="-webkit-line-clamp: 3; padding-bottom: 0.1em; margin-bottom: -0.1em;"><span class="normal dark-gray mb0 mt1 lh-title f6 f5-l lh-copy" data-automation-id="product-title">Great Value Pepper Jack Cheese, 8 oz Block (Plastic Packaging)</span></span><div class="mt2"><img alt="ebt" aria-hidden="true" class="v-mid pb1 mr2" height="20" loading="lazy" src="//i5.walmartimages.com/dfw/63fd9f59-2845/2044d79e-92d5-4c08-90a2-0480444a877f/v1/EBT-Logo.svg" width="30"/><span class="gray f6-l f5-m">EBT eligible</span></div><div></div><div class="mt2" data-automation-id="fulfillment-badge"><div class="f7 flex self-baseline dark-gray"><div>Pickup <span class="b">today</span></div></div></div></div></div></div></div></div></div><div class="mb0 ph0-xl pt0-xl bb b--near-white w-25 pb3-m ph1"><div class="h-100 pr4-xl pt3" io-id="381HKA3832FK" style="contain-intrinsic-size: 198px 340px;"><div class="sans-serif mid-gray relative flex flex-column w-100 hide-child-opacity" data-item-id="381HKA3832FK" role="group"><a class="w-100 h-100 z-1 hide-sibling-opacity absolute" href="/ip/Great-Value-Deli-Style-Sliced-Sharp-Cheddar-Cheese-8-oz-12-Slices/15077514?classType=REGULAR&amp;from=/search" link-identifier="15077514" target=""><span class="w_iUH7">Great Value Deli Style Sliced Sharp Cheddar Cheese, 8 oz, 12 Slices </span></a><div class="" data-testid="list-view"><div class=""><div class=""><div class="relative"><div class="relative overflow-hidden" style="max-width: 290px; height: 0px; padding-bottom: min(290px, 100%); align-self: center; width: min(290px, 100%);"><span><button aria-label="Sign in to add to Favorites list, Great Value Deli Style Sliced Sharp Cheddar Cheese, 8 oz, 12 Slices" class="bg-white pointer pa0 black bn mt1 mr1 pa1 br4 absolute top-0 right-0 z-2" data-automation-id="heart-item" style="width: 32px; height: 32px;" type="button"><i aria-hidden="true" class="ld ld-Heart" style="font-size: 1.5rem; vertical-align: -0.25em; padding-top: 1px; width: 1.5rem; height: 1.5rem; box-sizing: content-box;"></i></button></span><img alt="Great Value Deli Style Sliced Sharp Cheddar Cheese, 8 oz, 12 Slices" class="absolute top-0 left-0" data-testid="productTileImage" height="" id="is-0-productImage-42" loading="lazy" src="https://i5.walmartimages.com/seo/Great-Value-Deli-Style-Sliced-Sharp-Cheddar-Cheese-8-oz-12-Slices_91ef6562-2c52-4d0b-9808-172229172327.4c546908a4feec6ed70a7896e378c9f7.jpeg?odnHeight=580&amp;odnWidth=580&amp;odnBg=FFFFFF" srcset="https://i5.walmartimages.com/seo/Great-Value-Deli-Style-Sliced-Sharp-Cheddar-Cheese-8-oz-12-Slices_91ef6562-2c52-4d0b-9808-172229172327.4c546908a4feec6ed70a7896e378c9f7.jpeg?odnHeight=290&amp;odnWidth=290&amp;odnBg=FFFFFF 1x, https://i5.walmartimages.com/seo/Great-Value-Deli-Style-Sliced-Sharp-Cheddar-Cheese-8-oz-12-Slices_91ef6562-2c52-4d0b-9808-172229172327.4c546908a4feec6ed70a7896e378c9f7.jpeg?odnHeight=580&amp;odnWidth=580&amp;odnBg=FFFFFF 2x" width=""/></div><div class="z-2 relative mt3"><div class="relative dib flex-row-reverse" data-id="381HKA3832FK"><button aria-label="Add to cart - Great Value Deli Style Sliced Sharp Cheddar Cheese, 8 oz, 12 Slices" class="w_hhLG w_8nsR w_jDfj pointer bn sans-serif b ph2 flex items-center justify-center w-auto shadow-1" data-automation-id="add-to-cart" data-pcss-hide="true" type="button"><i class="ld ld-Plus" style="font-size: 1.5rem; vertical-align: -0.25em; width: 1.5rem; height: 1.5rem; box-sizing: content-box;" title="add to cart"></i><span class="mr2">Add</span></button></div></div></div><div class="mt3"></div></div><div class=""><div class="flex flex-wrap justify-start items-center lh-title mb1" data-automation-id="product-price"><div aria-hidden="true" class="mr1 mr2-xl b black lh-solid f5 f4-l"><span class="f3"></span><span class="f6 f5-l" style="vertical-align: 0.65ex; margin-right: 2px;">$</span><span class="f2">2</span><span class="f6 f5-l" style="vertical-align: 0.75ex;">24</span></div><span class="w_iUH7">current price $2.24</span><div class="gray mr1 f6 f5-l flex items-end mt1">$4.48/lb</div></div><span class="w_V_DM" style="-webkit-line-clamp: 3; padding-bottom: 0.1em; margin-bottom: -0.1em;"><span class="normal dark-gray mb0 mt1 lh-title f6 f5-l lh-copy" data-automation-id="product-title">Great Value Deli Style Sliced Sharp Cheddar Cheese, 8 oz, 12 Slices</span></span><div class="mt2"><img alt="ebt" aria-hidden="true" class="v-mid pb1 mr2" height="20" loading="lazy" src="//i5.walmartimages.com/dfw/63fd9f59-2845/2044d79e-92d5-4c08-90a2-0480444a877f/v1/EBT-Logo.svg" width="30"/><span class="gray f6-l f5-m">EBT eligible</span></div><div></div><div class="mt2" data-automation-id="fulfillment-badge"><div class="f7 flex self-baseline dark-gray"><div>Pickup <span class="b">today</span></div></div></div></div></div></div></div></div></div><div class="mb0 ph0-xl pt0-xl bb b--near-white w-25 pb3-m ph1"><div class="h-100 pr4-xl pt3" io-id="4JRTXG6W87Y7" style="contain-intrinsic-size: 198px 340px;"><div class="sans-serif mid-gray relative flex flex-column w-100 hide-child-opacity" data-item-id="4JRTXG6W87Y7" role="group"><a class="w-100 h-100 z-1 hide-sibling-opacity absolute" href="/ip/Great-Value-Block-Gouda-Cheese-8-oz/163756681?classType=REGULAR&amp;from=/search" link-identifier="163756681" target=""><span class="w_iUH7">Great Value Block Gouda Cheese, 8 oz </span></a><div class="" data-testid="list-view"><div class=""><div class=""><div class="relative"><div class="relative overflow-hidden" style="max-width: 290px; height: 0px; padding-bottom: min(290px, 100%); align-self: center; width: min(290px, 100%);"><span><button aria-label="Sign in to add to Favorites list, Great Value Block Gouda Cheese, 8 oz" class="bg-white pointer pa0 black bn mt1 mr1 pa1 br4 absolute top-0 right-0 z-2" data-automation-id="heart-item" style="width: 32px; height: 32px;" type="button"><i aria-hidden="true" class="ld ld-Heart" style="font-size: 1.5rem; vertical-align: -0.25em; padding-top: 1px; width: 1.5rem; height: 1.5rem; box-sizing: content-box;"></i></button></span><img alt="Great Value Block Gouda Cheese, 8 oz" class="absolute top-0 left-0" data-testid="productTileImage" height="" id="is-0-productImage-43" loading="lazy" src="https://i5.walmartimages.com/seo/Great-Value-Block-Gouda-Cheese-8-oz_7650a579-5e92-4c8e-af04-040d0df31ee0.1b225eae8708e10687d640b7b62ef1b8.jpeg?odnHeight=580&amp;odnWidth=580&amp;odnBg=FFFFFF" srcset="https://i5.walmartimages.com/seo/Great-Value-Block-Gouda-Cheese-8-oz_7650a579-5e92-4c8e-af04-040d0df31ee0.1b225eae8708e10687d640b7b62ef1b8.jpeg?odnHeight=290&amp;odnWidth=290&amp;odnBg=FFFFFF 1x, https://i5.walmartimages.com/seo/Great-Value-Block-Gouda-Cheese-8-oz_7650a579-5e92-4c8e-af04-040d0df31ee0.1b225eae8708e10687d640b7b62ef1b8.jpeg?odnHeight=580&amp;odnWidth=580&amp;odnBg=FFFFFF 2x" width=""/></div><div class="z-2 relative mt3"><div class="relative dib flex-row-reverse" data-id="4JRTXG6W87Y7"><button aria-label="Add to cart - Great Value Block Gouda Cheese, 8 oz" class="w_hhLG w_8nsR w_jDfj pointer bn sans-serif b ph2 flex items-center justify-center w-auto shadow-1" data-automation-id="add-to-cart" data-pcss-hide="true" type="button"><i class="ld ld-Plus" style="font-size: 1.5rem; vertical-align: -0.25em; width: 1.5rem; height: 1.5rem; box-sizing: content-box;" title="add to cart"></i><span class="mr2">Add</span></button></div></div></div><div class="mt3"></div></div><div class=""><div class="flex flex-wrap justify-start items-center lh-title mb1" data-automation-id="product-price"><div aria-hidden="true" class="mr1 mr2-xl b black lh-solid f5 f4-l"><span class="f3"></span><span class="f6 f5-l" style="vertical-align: 0.65ex; margin-right: 2px;">$</span><span class="f2">2</span><span class="f6 f5-l" style="vertical-align: 0.75ex;">24</span></div><span class="w_iUH7">current price $2.24</span><div class="gray mr1 f6 f5-l flex items-end mt1">$4.48/lb</div></div><span class="w_V_DM" style="-webkit-line-clamp: 3; padding-bottom: 0.1em; margin-bottom: -0.1em;"><span class="normal dark-gray mb0 mt1 lh-title f6 f5-l lh-copy" data-automation-id="product-title">Great Value Block Gouda Cheese, 8 oz</span></span><div class="mt2"><img alt="ebt" aria-hidden="true" class="v-mid pb1 mr2" height="20" loading="lazy" src="//i5.walmartimages.com/dfw/63fd9f59-2845/2044d79e-92d5-4c08-90a2-0480444a877f/v1/EBT-Logo.svg" width="30"/><span class="gray f6-l f5-m">EBT eligible</span></div><div></div><div class="mt2" data-automation-id="fulfillment-badge"><div class="f7 flex self-baseline dark-gray"><div>Pickup <span class="b">today</span></div></div></div></div></div></div></div></div></div><div class="mb0 ph0-xl pt0-xl bb b--near-white w-25 pb3-m ph1"><div class="h-100 pr4-xl pt3" io-id="1ETZAFJJR08C" style="contain-intrinsic-size: 198px 340px;"><div class="sans-serif mid-gray relative flex flex-column w-100 hide-child-opacity" data-item-id="1ETZAFJJR08C" role="group"><a class="w-100 h-100 z-1 hide-sibling-opacity absolute" href="/ip/Kraft-Singles-American-Slices-32-Ct-Twin-Pk-Cheese-24-Oz/10452903?classType=REGULAR&amp;from=/search" link-identifier="10452903" target=""><span class="w_iUH7">Kraft Singles American Cheese Slices Twin Pk, 32 Ct Pk </span></a><div class="" data-testid="list-view"><div class=""><div class=""><div class="relative"><div class="relative overflow-hidden" style="max-width: 290px; height: 0px; padding-bottom: min(290px, 100%); align-self: center; width: min(290px, 100%);"><span><button aria-label="Sign in to add to Favorites list, Kraft Singles American Cheese Slices Twin Pk, 32 Ct Pk" class="bg-white pointer pa0 black bn mt1 mr1 pa1 br4 absolute top-0 right-0 z-2" data-automation-id="heart-item" style="width: 32px; height: 32px;" type="button"><i aria-hidden="true" class="ld ld-Heart" style="font-size: 1.5rem; vertical-align: -0.25em; padding-top: 1px; width: 1.5rem; height: 1.5rem; box-sizing: content-box;"></i></button></span><img alt="Kraft Singles American Cheese Slices Twin Pk, 32 Ct Pk" class="absolute top-0 left-0" data-testid="productTileImage" height="" id="is-0-productImage-44" loading="lazy" src="https://i5.walmartimages.com/seo/Kraft-Singles-American-Cheese-Slices-Twin-Pk-32-Ct-Pk_ae9f4825-24e1-4d2c-88bd-c78bb7e4dc17.3cebbcc5e805c6713a823ebebf8b7d74.jpeg?odnHeight=580&amp;odnWidth=580&amp;odnBg=FFFFFF" srcset="https://i5.walmartimages.com/seo/Kraft-Singles-American-Cheese-Slices-Twin-Pk-32-Ct-Pk_ae9f4825-24e1-4d2c-88bd-c78bb7e4dc17.3cebbcc5e805c6713a823ebebf8b7d74.jpeg?odnHeight=290&amp;odnWidth=290&amp;odnBg=FFFFFF 1x, https://i5.walmartimages.com/seo/Kraft-Singles-American-Cheese-Slices-Twin-Pk-32-Ct-Pk_ae9f4825-24e1-4d2c-88bd-c78bb7e4dc17.3cebbcc5e805c6713a823ebebf8b7d74.jpeg?odnHeight=580&amp;odnWidth=580&amp;odnBg=FFFFFF 2x" width=""/></div><div class="z-2 relative mt3"><div class="relative dib flex-row-reverse" data-id="1ETZAFJJR08C"><button aria-label="Add to cart - Kraft Singles American Cheese Slices Twin Pk, 32 Ct Pk" class="w_hhLG w_8nsR w_jDfj pointer bn sans-serif b ph2 flex items-center justify-center w-auto shadow-1" data-automation-id="add-to-cart" data-pcss-hide="true" type="button"><i class="ld ld-Plus" style="font-size: 1.5rem; vertical-align: -0.25em; width: 1.5rem; height: 1.5rem; box-sizing: content-box;" title="add to cart"></i><span class="mr2">Add</span></button></div></div></div><div class="mt3"></div></div><div class=""><div class="flex flex-wrap justify-start items-center lh-title mb1" data-automation-id="product-price"><div aria-hidden="true" class="mr1 mr2-xl b black lh-solid f5 f4-l"><span class="f3"></span><span class="f6 f5-l" style="vertical-align: 0.65ex; margin-right: 2px;">$</span><span class="f2">6</span><span class="f6 f5-l" style="vertical-align: 0.75ex;">77</span></div><span class="w_iUH7">current price $6.77</span><div class="gray mr1 f6 f5-l flex items-end mt1">$4.51/lb</div></div><span class="w_V_DM" style="-webkit-line-clamp: 3; padding-bottom: 0.1em; margin-bottom: -0.1em;"><span class="normal dark-gray mb0 mt1 lh-title f6 f5-l lh-copy" data-automation-id="product-title">Kraft Singles American Cheese Slices Twin Pk, 32 Ct Pk</span></span><div class="mt2"><img alt="ebt" aria-hidden="true" class="v-mid pb1 mr2" height="20" loading="lazy" src="//i5.walmartimages.com/dfw/63fd9f59-2845/2044d79e-92d5-4c08-90a2-0480444a877f/v1/EBT-Logo.svg" width="30"/><span class="gray f6-l f5-m">EBT eligible</span></div><div></div><div class="mt2" data-automation-id="fulfillment-badge"><div class="f7 flex self-baseline dark-gray"><div>Pickup <span class="b">today</span></div></div></div></div></div></div></div></div></div><div class="mb0 ph0-xl pt0-xl bb b--near-white w-25 pb3-m ph1"><div class="h-100 pr4-xl pt3" io-id="6DIISH5UYAP3" style="contain-intrinsic-size: 198px 340px;"><div class="sans-serif mid-gray relative flex flex-column w-100 hide-child-opacity" data-item-id="6DIISH5UYAP3" role="group"><a class="w-100 h-100 z-1 hide-sibling-opacity absolute" href="/ip/Great-Value-100-Parmesan-Grated-Cheese-8-oz/10315402?classType=REGULAR&amp;from=/search" link-identifier="10315402" target=""><span class="w_iUH7">Great Value Grated Parmesan Cheese, 8 oz Bottle </span></a><div class="" data-testid="list-view"><div class=""><div class=""><div class="h2 relative nowrap mb1"></div><div class="relative"><div class="relative overflow-hidden" style="max-width: 290px; height: 0px; padding-bottom: min(290px, 100%); align-self: center; width: min(290px, 100%);"><span><button aria-label="Sign in to add to Favorites list, Great Value Grated Parmesan Cheese, 8 oz Bottle" class="bg-white pointer pa0 black bn mt1 mr1 pa1 br4 absolute top-0 right-0 z-2" data-automation-id="heart-item" style="width: 32px; height: 32px;" type="button"><i aria-hidden="true" class="ld ld-Heart" style="font-size: 1.5rem; vertical-align: -0.25em; padding-top: 1px; width: 1.5rem; height: 1.5rem; box-sizing: content-box;"></i></button></span><img alt="Great Value Grated Parmesan Cheese, 8 oz Bottle" class="absolute top-0 left-0" data-testid="productTileImage" height="" id="is-0-productImage-45" loading="lazy" src="https://i5.walmartimages.com/seo/Great-Value-Grated-Parmesan-Cheese-8-oz-Bottle_65171bfc-6dcc-4299-97c5-fd728cda0505.7cd975a36f5253c9f44d22fa88f2ce20.jpeg?odnHeight=580&amp;odnWidth=580&amp;odnBg=FFFFFF" srcset="https://i5.walmartimages.com/seo/Great-Value-Grated-Parmesan-Cheese-8-oz-Bottle_65171bfc-6dcc-4299-97c5-fd728cda0505.7cd975a36f5253c9f44d22fa88f2ce20.jpeg?odnHeight=290&amp;odnWidth=290&amp;odnBg=FFFFFF 1x, https://i5.walmartimages.com/seo/Great-Value-Grated-Parmesan-Cheese-8-oz-Bottle_65171bfc-6dcc-4299-97c5-fd728cda0505.7cd975a36f5253c9f44d22fa88f2ce20.jpeg?odnHeight=580&amp;odnWidth=580&amp;odnBg=FFFFFF 2x" width=""/></div><div class="z-2 relative mt3"><div class="relative dib flex-row-reverse" data-id="6DIISH5UYAP3"><button aria-label="Add to cart - Great Value Grated Parmesan Cheese, 8 oz Bottle" class="w_hhLG w_8nsR w_jDfj pointer bn sans-serif b ph2 flex items-center justify-center w-auto shadow-1" data-automation-id="add-to-cart" data-pcss-hide="true" type="button"><i class="ld ld-Plus" style="font-size: 1.5rem; vertical-align: -0.25em; width: 1.5rem; height: 1.5rem; box-sizing: content-box;" title="add to cart"></i><span class="mr2">Add</span></button></div></div></div><div class="mt3"></div></div><div class=""><div class="flex flex-wrap justify-start items-center lh-title mb1" data-automation-id="product-price"><div aria-hidden="true" class="mr1 mr2-xl b black lh-solid f5 f4-l"><span class="f3"></span><span class="f6 f5-l" style="vertical-align: 0.65ex; margin-right: 2px;">$</span><span class="f2">2</span><span class="f6 f5-l" style="vertical-align: 0.75ex;">98</span></div><span class="w_iUH7">current price $2.98</span><div class="gray mr1 f6 f5-l flex items-end mt1">$5.96/lb</div></div><span class="w_V_DM" style="-webkit-line-clamp: 3; padding-bottom: 0.1em; margin-bottom: -0.1em;"><span class="normal dark-gray mb0 mt1 lh-title f6 f5-l lh-copy" data-automation-id="product-title">Great Value Grated Parmesan Cheese, 8 oz Bottle</span></span><div class="mt2"><img alt="ebt" aria-hidden="true" class="v-mid pb1 mr2" height="20" loading="lazy" src="//i5.walmartimages.com/dfw/63fd9f59-2845/2044d79e-92d5-4c08-90a2-0480444a877f/v1/EBT-Logo.svg" width="30"/><span class="gray f6-l f5-m">EBT eligible</span></div><div></div><div class="mt2" data-automation-id="fulfillment-badge"><div class="f7 flex self-baseline dark-gray"><div>Pickup <span class="b">today</span></div></div></div></div></div></div></div></div></div><div class="mb0 ph0-xl pt0-xl bb b--near-white w-25 pb3-m ph1"><div class="h-100 pr4-xl pt3" io-id="2HG798PRJO3T" style="contain-intrinsic-size: 198px 340px;"><div class="sans-serif mid-gray relative flex flex-column w-100 hide-child-opacity" data-item-id="2HG798PRJO3T" role="group"><a class="w-100 h-100 z-1 hide-sibling-opacity absolute" href="/ip/Great-Value-Finely-Shredded-Sharp-Cheddar-Cheese-32-oz/42004037?classType=REGULAR&amp;athbdg=L1300&amp;from=/search" link-identifier="42004037" target=""><span class="w_iUH7">Great Value Finely Shredded Sharp Cheddar Cheese, 32 oz </span></a><div class="" data-testid="list-view"><div class=""><div class=""><div class="h2 relative nowrap mb1"><span class="w_VbBP w_WKt3 w_U23Z tag-leading-badge absolute" style="background: rgb(222, 28, 36); color: rgb(255, 255, 255); border-radius: 4px; font-weight: 700;">Rollback</span></div><div class="relative"><div class="relative overflow-hidden" style="max-width: 290px; height: 0px; padding-bottom: min(290px, 100%); align-self: center; width: min(290px, 100%);"><span><button aria-label="Sign in to add to Favorites list, Great Value Finely Shredded Sharp Cheddar Cheese, 32 oz" class="bg-white pointer pa0 black bn mt1 mr1 pa1 br4 absolute top-0 right-0 z-2" data-automation-id="heart-item" style="width: 32px; height: 32px;" type="button"><i aria-hidden="true" class="ld ld-Heart" style="font-size: 1.5rem; vertical-align: -0.25em; padding-top: 1px; width: 1.5rem; height: 1.5rem; box-sizing: content-box;"></i></button></span><img alt="Great Value Finely Shredded Sharp Cheddar Cheese, 32 oz" class="absolute top-0 left-0" data-testid="productTileImage" height="" id="is-0-productImage-46" loading="lazy" src="https://i5.walmartimages.com/seo/Great-Value-Finely-Shredded-Sharp-Cheddar-Cheese-32-oz_bde6c52c-322c-4013-9762-16f67ee82375.e6652468758dc0adba646c9a96e5c06a.jpeg?odnHeight=580&amp;odnWidth=580&amp;odnBg=FFFFFF" srcset="https://i5.walmartimages.com/seo/Great-Value-Finely-Shredded-Sharp-Cheddar-Cheese-32-oz_bde6c52c-322c-4013-9762-16f67ee82375.e6652468758dc0adba646c9a96e5c06a.jpeg?odnHeight=290&amp;odnWidth=290&amp;odnBg=FFFFFF 1x, https://i5.walmartimages.com/seo/Great-Value-Finely-Shredded-Sharp-Cheddar-Cheese-32-oz_bde6c52c-322c-4013-9762-16f67ee82375.e6652468758dc0adba646c9a96e5c06a.jpeg?odnHeight=580&amp;odnWidth=580&amp;odnBg=FFFFFF 2x" width=""/></div><div class="z-2 relative mt3"><div class="relative dib flex-row-reverse" data-id="2HG798PRJO3T"><button aria-label="Add to cart - Great Value Finely Shredded Sharp Cheddar Cheese, 32 oz" class="w_hhLG w_8nsR w_jDfj pointer bn sans-serif b ph2 flex items-center justify-center w-auto shadow-1" data-automation-id="add-to-cart" data-pcss-hide="true" type="button"><i class="ld ld-Plus" style="font-size: 1.5rem; vertical-align: -0.25em; width: 1.5rem; height: 1.5rem; box-sizing: content-box;" title="add to cart"></i><span class="mr2">Add</span></button></div></div></div><div class="mt3"></div></div><div class=""><div class="flex flex-wrap justify-start items-center lh-title mb1" data-automation-id="product-price"><div aria-hidden="true" class="mr1 mr2-xl b black green lh-solid f5 f4-l"><span class="f3 mr1">Now</span><span class="f6 f5-l" style="vertical-align: 0.65ex; margin-right: 2px;">$</span><span class="f2">7</span><span class="f6 f5-l" style="vertical-align: 0.75ex;">38</span></div><span class="w_iUH7">current price Now $7.38</span><div aria-hidden="true" class="gray mr1 strike f6 f4-l flex items-end mt1">$8.24</div><span class="w_iUH7">Was $8.24</span><div class="gray mr1 f6 f5-l flex items-end mt1">$3.69/lb</div></div><span class="w_V_DM" style="-webkit-line-clamp: 3; padding-bottom: 0.1em; margin-bottom: -0.1em;"><span class="normal dark-gray mb0 mt1 lh-title f6 f5-l lh-copy" data-automation-id="product-title">Great Value Finely Shredded Sharp Cheddar Cheese, 32 oz</span></span><div class="mt2"><img alt="ebt" aria-hidden="true" class="v-mid pb1 mr2" height="20" loading="lazy" src="//i5.walmartimages.com/dfw/63fd9f59-2845/2044d79e-92d5-4c08-90a2-0480444a877f/v1/EBT-Logo.svg" width="30"/><span class="gray f6-l f5-m">EBT eligible</span></div><div></div><div class="mt2" data-automation-id="fulfillment-badge"><div class="f7 flex self-baseline dark-gray"><div>Pickup <span class="b">today</span></div></div></div></div></div></div></div></div></div><div class="mb0 ph0-xl pt0-xl bb b--near-white w-25 pb3-m ph1"><div class="h-100 pr4-xl pt3" io-id="6FTGNBQYUDPI" style="contain-intrinsic-size: 198px 340px;"><div class="sans-serif mid-gray relative flex flex-column w-100 hide-child-opacity" data-item-id="6FTGNBQYUDPI" role="group"><a class="w-100 h-100 z-1 hide-sibling-opacity absolute" href="/ip/Great-Value-Finely-Shredded-Low-Moisture-Part-Skim-Mozzarella-Cheese-16-oz-Bag/10452490?classType=REGULAR&amp;athbdg=L1300&amp;from=/search" link-identifier="10452490" target=""><span class="w_iUH7">Great Value Finely Shredded Low-Moisture Part-Skim Mozzarella Cheese, 16 oz Bag </span></a><div class="" data-testid="list-view"><div class=""><div class=""><div class="h2 relative nowrap mb1"><span class="w_VbBP w_WKt3 w_U23Z tag-leading-badge absolute" style="background: rgb(222, 28, 36); color: rgb(255, 255, 255); border-radius: 4px; font-weight: 700;">Rollback</span></div><div class="relative"><div class="relative overflow-hidden" style="max-width: 290px; height: 0px; padding-bottom: min(290px, 100%); align-self: center; width: min(290px, 100%);"><span><button aria-label="Sign in to add to Favorites list, Great Value Finely Shredded Low-Moisture Part-Skim Mozzarella Cheese, 16 oz Bag" class="bg-white pointer pa0 black bn mt1 mr1 pa1 br4 absolute top-0 right-0 z-2" data-automation-id="heart-item" style="width: 32px; height: 32px;" type="button"><i aria-hidden="true" class="ld ld-Heart" style="font-size: 1.5rem; vertical-align: -0.25em; padding-top: 1px; width: 1.5rem; height: 1.5rem; box-sizing: content-box;"></i></button></span><img alt="Great Value Finely Shredded Low-Moisture Part-Skim Mozzarella Cheese, 16 oz Bag" class="absolute top-0 left-0" data-testid="productTileImage" height="" id="is-0-productImage-47" loading="lazy" src="https://i5.walmartimages.com/seo/Great-Value-Finely-Shredded-Low-Moisture-Part-Skim-Mozzarella-Cheese-16-oz-Bag_8516ed44-3dee-45e0-bc2a-4d8a414d5f10.95b6ebba2aac3dfd90d6fadac41f268b.jpeg?odnHeight=580&amp;odnWidth=580&amp;odnBg=FFFFFF" srcset="https://i5.walmartimages.com/seo/Great-Value-Finely-Shredded-Low-Moisture-Part-Skim-Mozzarella-Cheese-16-oz-Bag_8516ed44-3dee-45e0-bc2a-4d8a414d5f10.95b6ebba2aac3dfd90d6fadac41f268b.jpeg?odnHeight=290&amp;odnWidth=290&amp;odnBg=FFFFFF 1x, https://i5.walmartimages.com/seo/Great-Value-Finely-Shredded-Low-Moisture-Part-Skim-Mozzarella-Cheese-16-oz-Bag_8516ed44-3dee-45e0-bc2a-4d8a414d5f10.95b6ebba2aac3dfd90d6fadac41f268b.jpeg?odnHeight=580&amp;odnWidth=580&amp;odnBg=FFFFFF 2x" width=""/></div><div class="z-2 relative mt3"><div class="relative dib flex-row-reverse" data-id="6FTGNBQYUDPI"><button aria-label="Add to cart - Great Value Finely Shredded Low-Moisture Part-Skim Mozzarella Cheese, 16 oz Bag" class="w_hhLG w_8nsR w_jDfj pointer bn sans-serif b ph2 flex items-center justify-center w-auto shadow-1" data-automation-id="add-to-cart" data-pcss-hide="true" type="button"><i class="ld ld-Plus" style="font-size: 1.5rem; vertical-align: -0.25em; width: 1.5rem; height: 1.5rem; box-sizing: content-box;" title="add to cart"></i><span class="mr2">Add</span></button></div></div></div><div class="mt3"></div></div><div class=""><div class="flex flex-wrap justify-start items-center lh-title mb1" data-automation-id="product-price"><div aria-hidden="true" class="mr1 mr2-xl b black green lh-solid f5 f4-l"><span class="f3 mr1">Now</span><span class="f6 f5-l" style="vertical-align: 0.65ex; margin-right: 2px;">$</span><span class="f2">3</span><span class="f6 f5-l" style="vertical-align: 0.75ex;">78</span></div><span class="w_iUH7">current price Now $3.78</span><div aria-hidden="true" class="gray mr1 strike f6 f4-l flex items-end mt1">$4.22</div><span class="w_iUH7">Was $4.22</span><div class="gray mr1 f6 f5-l flex items-end mt1">$3.78/lb</div></div><span class="w_V_DM" style="-webkit-line-clamp: 3; padding-bottom: 0.1em; margin-bottom: -0.1em;"><span class="normal dark-gray mb0 mt1 lh-title f6 f5-l lh-copy" data-automation-id="product-title">Great Value Finely Shredded Low-Moisture Part-Skim Mozzarella Cheese, 16 oz Bag</span></span><div class="mt2"><img alt="ebt" aria-hidden="true" class="v-mid pb1 mr2" height="20" loading="lazy" src="//i5.walmartimages.com/dfw/63fd9f59-2845/2044d79e-92d5-4c08-90a2-0480444a877f/v1/EBT-Logo.svg" width="30"/><span class="gray f6-l f5-m">EBT eligible</span></div><div></div><div class="mt2" data-automation-id="fulfillment-badge"><div class="f7 flex self-baseline dark-gray"><div>Pickup <span class="b">today</span></div></div></div></div></div></div></div></div></div><div class="mb0 ph0-xl pt0-xl w-25 pb3-m ph1"><div class="h-100 pr4-xl pt3" io-id="4JTOI6QC39T3" style="contain-intrinsic-size: 198px 340px;"><div class="sans-serif mid-gray relative flex flex-column w-100 hide-child-opacity" data-item-id="4JTOI6QC39T3" role="group"><a class="w-100 h-100 z-1 hide-sibling-opacity absolute" href="/ip/Great-Value-Deli-Style-Sliced-Muenster-Cheese-12-Slices/153135050?classType=REGULAR&amp;from=/search" link-identifier="153135050" target=""><span class="w_iUH7">Great Value Deli Style Sliced Muenster Cheese, 12 Slices </span></a><div class="" data-testid="list-view"><div class=""><div class=""><div class="h2 relative nowrap mb1"></div><div class="relative"><div class="relative overflow-hidden" style="max-width: 290px; height: 0px; padding-bottom: min(290px, 100%); align-self: center; width: min(290px, 100%);"><span><button aria-label="Sign in to add to Favorites list, Great Value Deli Style Sliced Muenster Cheese, 12 Slices" class="bg-white pointer pa0 black bn mt1 mr1 pa1 br4 absolute top-0 right-0 z-2" data-automation-id="heart-item" style="width: 32px; height: 32px;" type="button"><i aria-hidden="true" class="ld ld-Heart" style="font-size: 1.5rem; vertical-align: -0.25em; padding-top: 1px; width: 1.5rem; height: 1.5rem; box-sizing: content-box;"></i></button></span><img alt="Great Value Deli Style Sliced Muenster Cheese, 12 Slices" class="absolute top-0 left-0" data-testid="productTileImage" height="" id="is-0-productImage-48" loading="lazy" src="https://i5.walmartimages.com/seo/Great-Value-Deli-Style-Sliced-Muenster-Cheese-12-Slices_ccc9d995-1923-430a-b141-d745a46fbbcd.56b152d1a46902b2f1468d4c09696903.jpeg?odnHeight=580&amp;odnWidth=580&amp;odnBg=FFFFFF" srcset="https://i5.walmartimages.com/seo/Great-Value-Deli-Style-Sliced-Muenster-Cheese-12-Slices_ccc9d995-1923-430a-b141-d745a46fbbcd.56b152d1a46902b2f1468d4c09696903.jpeg?odnHeight=290&amp;odnWidth=290&amp;odnBg=FFFFFF 1x, https://i5.walmartimages.com/seo/Great-Value-Deli-Style-Sliced-Muenster-Cheese-12-Slices_ccc9d995-1923-430a-b141-d745a46fbbcd.56b152d1a46902b2f1468d4c09696903.jpeg?odnHeight=580&amp;odnWidth=580&amp;odnBg=FFFFFF 2x" width=""/></div><div class="z-2 relative mt3"><div class="relative dib flex-row-reverse" data-id="4JTOI6QC39T3"><button aria-label="Add to cart - Great Value Deli Style Sliced Muenster Cheese, 12 Slices" class="w_hhLG w_8nsR w_jDfj pointer bn sans-serif b ph2 flex items-center justify-center w-auto shadow-1" data-automation-id="add-to-cart" data-pcss-hide="true" type="button"><i class="ld ld-Plus" style="font-size: 1.5rem; vertical-align: -0.25em; width: 1.5rem; height: 1.5rem; box-sizing: content-box;" title="add to cart"></i><span class="mr2">Add</span></button></div></div></div><div class="mt3"></div></div><div class=""><div class="flex flex-wrap justify-start items-center lh-title mb1" data-automation-id="product-price"><div aria-hidden="true" class="mr1 mr2-xl b black lh-solid f5 f4-l"><span class="f3"></span><span class="f6 f5-l" style="vertical-align: 0.65ex; margin-right: 2px;">$</span><span class="f2">2</span><span class="f6 f5-l" style="vertical-align: 0.75ex;">24</span></div><span class="w_iUH7">current price $2.24</span><div class="gray mr1 f6 f5-l flex items-end mt1">$4.48/lb</div></div><span class="w_V_DM" style="-webkit-line-clamp: 3; padding-bottom: 0.1em; margin-bottom: -0.1em;"><span class="normal dark-gray mb0 mt1 lh-title f6 f5-l lh-copy" data-automation-id="product-title">Great Value Deli Style Sliced Muenster Cheese, 12 Slices</span></span><div class="mt2"><img alt="ebt" aria-hidden="true" class="v-mid pb1 mr2" height="20" loading="lazy" src="//i5.walmartimages.com/dfw/63fd9f59-2845/2044d79e-92d5-4c08-90a2-0480444a877f/v1/EBT-Logo.svg" width="30"/><span class="gray f6-l f5-m">EBT eligible</span></div><div></div><div class="mt2" data-automation-id="fulfillment-badge"><div class="f7 flex self-baseline dark-gray"><div>Pickup <span class="b">today</span></div></div></div></div></div></div></div></div></div><div class="mb0 ph0-xl pt0-xl w-25 pb3-m ph1"><div class="h-100 pr4-xl pt3" io-id="205NCON8IDM6" style="contain-intrinsic-size: 198px 340px;"><div class="sans-serif mid-gray relative flex flex-column w-100 hide-child-opacity" data-item-id="205NCON8IDM6" role="group"><a class="w-100 h-100 z-1 hide-sibling-opacity absolute" href="/ip/Great-Value-Singles-Pasteurized-Prepared-Sliced-White-American-Cheese-16-oz-24-Count/10452393?classType=REGULAR&amp;from=/search" link-identifier="10452393" target=""><span class="w_iUH7">Great Value Singles Pasteurized Prepared Sliced White American Cheese, 16 oz, 24 Count </span></a><div class="" data-testid="list-view"><div class=""><div class=""><div class="relative"><div class="relative overflow-hidden" style="max-width: 290px; height: 0px; padding-bottom: min(290px, 100%); align-self: center; width: min(290px, 100%);"><span><button aria-label="Sign in to add to Favorites list, Great Value Singles Pasteurized Prepared Sliced White American Cheese, 16 oz, 24 Count" class="bg-white pointer pa0 black bn mt1 mr1 pa1 br4 absolute top-0 right-0 z-2" data-automation-id="heart-item" style="width: 32px; height: 32px;" type="button"><i aria-hidden="true" class="ld ld-Heart" style="font-size: 1.5rem; vertical-align: -0.25em; padding-top: 1px; width: 1.5rem; height: 1.5rem; box-sizing: content-box;"></i></button></span><img alt="Great Value Singles Pasteurized Prepared Sliced White American Cheese, 16 oz, 24 Count" class="absolute top-0 left-0" data-testid="productTileImage" height="" id="is-0-productImage-49" loading="lazy" src="https://i5.walmartimages.com/seo/Great-Value-Singles-Pasteurized-Prepared-Sliced-White-American-Cheese-16-oz-24-Count_ecfbc23d-4e74-4ed6-a823-2d86a8b9bf9d.f5d42170f0c99caab6d67a539e9adef7.jpeg?odnHeight=580&amp;odnWidth=580&amp;odnBg=FFFFFF" srcset="https://i5.walmartimages.com/seo/Great-Value-Singles-Pasteurized-Prepared-Sliced-White-American-Cheese-16-oz-24-Count_ecfbc23d-4e74-4ed6-a823-2d86a8b9bf9d.f5d42170f0c99caab6d67a539e9adef7.jpeg?odnHeight=290&amp;odnWidth=290&amp;odnBg=FFFFFF 1x, https://i5.walmartimages.com/seo/Great-Value-Singles-Pasteurized-Prepared-Sliced-White-American-Cheese-16-oz-24-Count_ecfbc23d-4e74-4ed6-a823-2d86a8b9bf9d.f5d42170f0c99caab6d67a539e9adef7.jpeg?odnHeight=580&amp;odnWidth=580&amp;odnBg=FFFFFF 2x" width=""/></div><div class="z-2 relative mt3"><div class="relative dib flex-row-reverse" data-id="205NCON8IDM6"><button aria-label="Add to cart - Great Value Singles Pasteurized Prepared Sliced White American Cheese, 16 oz, 24 Count" class="w_hhLG w_8nsR w_jDfj pointer bn sans-serif b ph2 flex items-center justify-center w-auto shadow-1" data-automation-id="add-to-cart" data-pcss-hide="true" type="button"><i class="ld ld-Plus" style="font-size: 1.5rem; vertical-align: -0.25em; width: 1.5rem; height: 1.5rem; box-sizing: content-box;" title="add to cart"></i><span class="mr2">Add</span></button></div></div></div><div class="mt3"></div></div><div class=""><div class="flex flex-wrap justify-start items-center lh-title mb1" data-automation-id="product-price"><div aria-hidden="true" class="mr1 mr2-xl b black lh-solid f5 f4-l"><span class="f3"></span><span class="f6 f5-l" style="vertical-align: 0.65ex; margin-right: 2px;">$</span><span class="f2">2</span><span class="f6 f5-l" style="vertical-align: 0.75ex;">38</span></div><span class="w_iUH7">current price $2.38</span><div class="gray mr1 f6 f5-l flex items-end mt1">$2.38/lb</div></div><span class="w_V_DM" style="-webkit-line-clamp: 3; padding-bottom: 0.1em; margin-bottom: -0.1em;"><span class="normal dark-gray mb0 mt1 lh-title f6 f5-l lh-copy" data-automation-id="product-title">Great Value Singles Pasteurized Prepared Sliced White American Cheese, 16 oz, 24 Count</span></span><div class="mt2"><img alt="ebt" aria-hidden="true" class="v-mid pb1 mr2" height="20" loading="lazy" src="//i5.walmartimages.com/dfw/63fd9f59-2845/2044d79e-92d5-4c08-90a2-0480444a877f/v1/EBT-Logo.svg" width="30"/><span class="gray f6-l f5-m">EBT eligible</span></div><div></div><div class="mt2" data-automation-id="fulfillment-badge"><div class="f7 flex self-baseline dark-gray"><div>Pickup <span class="b">today</span></div></div></div></div></div></div></div></div></div><div class="mb0 ph0-xl pt0-xl w-25 pb1-xl pb3-m ph1"><div class="h-100 pr4-xl pt3" io-id="43T9AHM85N00" style="contain-intrinsic-size: 198px 340px;"><div class="sans-serif mid-gray relative flex flex-column w-100 hide-child-opacity" data-item-id="43T9AHM85N00" role="group"><a class="w-100 h-100 z-1 hide-sibling-opacity absolute" href="/ip/Montchevre-Honey-Fresh-Goat-Cheese-Log-4-oz/3105795505?classType=REGULAR&amp;from=/search" link-identifier="3105795505" target=""><span class="w_iUH7">Montchevre Honey Fresh Goat Cheese Log, 4 oz </span></a><div class="" data-testid="list-view"><div class=""><div class=""><div class="relative"><div class="relative overflow-hidden" style="max-width: 290px; height: 0px; padding-bottom: min(290px, 100%); align-self: center; width: min(290px, 100%);"><span><button aria-label="Sign in to add to Favorites list, Montchevre Honey Fresh Goat Cheese Log, 4 oz" class="bg-white pointer pa0 black bn mt1 mr1 pa1 br4 absolute top-0 right-0 z-2" data-automation-id="heart-item" style="width: 32px; height: 32px;" type="button"><i aria-hidden="true" class="ld ld-Heart" style="font-size: 1.5rem; vertical-align: -0.25em; padding-top: 1px; width: 1.5rem; height: 1.5rem; box-sizing: content-box;"></i></button></span><img alt="Montchevre Honey Fresh Goat Cheese Log, 4 oz" class="absolute top-0 left-0" data-testid="productTileImage" height="" id="is-0-productImage-50" loading="lazy" src="https://i5.walmartimages.com/seo/Montchevre-Honey-Fresh-Goat-Cheese-Log-4-oz_51ee90a5-4cd5-4bcc-9c52-1df451d24c36.f16846b615e08666b3a804110e783cf9.png?odnHeight=580&amp;odnWidth=580&amp;odnBg=FFFFFF" srcset="https://i5.walmartimages.com/seo/Montchevre-Honey-Fresh-Goat-Cheese-Log-4-oz_51ee90a5-4cd5-4bcc-9c52-1df451d24c36.f16846b615e08666b3a804110e783cf9.png?odnHeight=290&amp;odnWidth=290&amp;odnBg=FFFFFF 1x, https://i5.walmartimages.com/seo/Montchevre-Honey-Fresh-Goat-Cheese-Log-4-oz_51ee90a5-4cd5-4bcc-9c52-1df451d24c36.f16846b615e08666b3a804110e783cf9.png?odnHeight=580&amp;odnWidth=580&amp;odnBg=FFFFFF 2x" width=""/></div></div></div><div class=""><div class="flex flex-wrap justify-start items-center lh-title mb1" data-automation-id="product-price"><div aria-hidden="true" class="mr1 mr2-xl normal gray lh-solid f5 f4-l"><span class="f3"></span><span class="f6 f5-l" style="vertical-align: 0.65ex; margin-right: 2px;">$</span><span class="f2">3</span><span class="f6 f5-l" style="vertical-align: 0.75ex;">36</span></div><span class="w_iUH7">current price $3.36</span><div class="gray mr1 f6 f5-l flex items-end mt1">$13.44/lb</div></div><span class="w_V_DM" style="-webkit-line-clamp: 3; padding-bottom: 0.1em; margin-bottom: -0.1em;"><span class="normal dark-gray mb0 mt1 lh-title f6 f5-l lh-copy" data-automation-id="product-title">Montchevre Honey Fresh Goat Cheese Log, 4 oz</span></span><div class="mt2"><img alt="ebt" aria-hidden="true" class="v-mid pb1 mr2" height="20" loading="lazy" src="//i5.walmartimages.com/dfw/63fd9f59-2845/2044d79e-92d5-4c08-90a2-0480444a877f/v1/EBT-Logo.svg" width="30"/><span class="gray f6-l f5-m">EBT eligible</span></div><div></div><div class="sans-serif gray f7 f6-l pb2 mt3" data-automation-id="inventory-status">Out of stock</div></div></div></div></div><div class="pt2-l"><button aria-expanded="false" aria-label="Shop similar - Montchevre Honey Fresh Goat Cheese Log, 4 oz" class="pa0 self-start db b--none bg-white f6 sans-serif underline" data-testid="substitutions" type="button">Shop similar</button></div></div><div class="bb b--near-white w-100 absolute mt3" style="left: 1.5rem;"></div></div></div></section></div><section><div class="ph4"><h2 class="pointer f2">Related searches</h2><div class="flex flex-column justify-center relative" data-testid="horizontal-scroller-Related searches"><a aria-disabled="true" aria-label="Previous slide for Related searches list" class="absolute dn z-5 bg-white br-100 pa0 pointer hidden-child br-100 nav-control left-1" data-testid="horizontal-scroller-previous" link-identifier="horizontalScrollerPrevious" role="button" tabindex="0"><i class="ld ld-ChevronLeft" style="font-size: 1.5rem; vertical-align: -0.25em; padding: 12px; width: 1.5rem; height: 1.5rem; box-sizing: content-box;"></i></a><ul class="list ma0 pl0 overflow-x-scroll hidesb hidesb-wk relative overflow-y-hidden" data-testid="carousel-container" style="display: grid; grid-auto-flow: column; scroll-snap-type: x mandatory; max-height: fit-content;"><li class="flex flex-column items-center" data-slide="0" style="scroll-snap-align: start;"></li><li class="flex flex-column items-center" data-slide="1"><button aria-pressed="false" class="w_Z4xM w_3hhZ pointer mr3 mb3" type="button"><span class="w_rIQ5"><img alt="Related searches" class="mw-none" height="16" loading="lazy" src="https://i5.walmartimages.com/dfw/4ff9c6c9-492b/k2-_d364fa80-6c6b-4a89-88ea-beaaf53a606e.v1.png?odnHeight=16&amp;odnWidth=16&amp;odnBg=FFFFFF" width="16"/></span><span class="">cheese slices</span></button></li><li class="flex flex-column items-center" data-slide="2"><button aria-pressed="false" class="w_Z4xM w_3hhZ pointer mr3 mb3" type="button"><span class="w_rIQ5"><img alt="Related searches" class="mw-none" height="16" loading="lazy" src="https://i5.walmartimages.com/dfw/4ff9c6c9-492b/k2-_d364fa80-6c6b-4a89-88ea-beaaf53a606e.v1.png?odnHeight=16&amp;odnWidth=16&amp;odnBg=FFFFFF" width="16"/></span><span class="">bread</span></button></li><li class="flex flex-column items-center" data-slide="3"><button aria-pressed="false" class="w_Z4xM w_3hhZ pointer mr3 mb3" type="button"><span class="w_rIQ5"><img alt="Related searches" class="mw-none" height="16" loading="lazy" src="https://i5.walmartimages.com/dfw/4ff9c6c9-492b/k2-_d364fa80-6c6b-4a89-88ea-beaaf53a606e.v1.png?odnHeight=16&amp;odnWidth=16&amp;odnBg=FFFFFF" width="16"/></span><span class="">cheese block</span></button></li><li class="flex flex-column items-center" data-slide="4"><button aria-pressed="false" class="w_Z4xM w_3hhZ pointer mr3 mb3" type="button"><span class="w_rIQ5"><img alt="Related searches" class="mw-none" height="16" loading="lazy" src="https://i5.walmartimages.com/dfw/4ff9c6c9-492b/k2-_d364fa80-6c6b-4a89-88ea-beaaf53a606e.v1.png?odnHeight=16&amp;odnWidth=16&amp;odnBg=FFFFFF" width="16"/></span><span class="">eggs</span></button></li><li class="flex flex-column items-center" data-slide="5"><button aria-pressed="false" class="w_Z4xM w_3hhZ pointer mr3 mb3" type="button"><span class="w_rIQ5"><img alt="Related searches" class="mw-none" height="16" loading="lazy" src="https://i5.walmartimages.com/dfw/4ff9c6c9-492b/k2-_d364fa80-6c6b-4a89-88ea-beaaf53a606e.v1.png?odnHeight=16&amp;odnWidth=16&amp;odnBg=FFFFFF" width="16"/></span><span class="">lettuce</span></button></li><li class="flex flex-column items-center" data-slide="6"><button aria-pressed="false" class="w_Z4xM w_3hhZ pointer mr3 mb3" type="button"><span class="w_rIQ5"><img alt="Related searches" class="mw-none" height="16" loading="lazy" src="https://i5.walmartimages.com/dfw/4ff9c6c9-492b/k2-_d364fa80-6c6b-4a89-88ea-beaaf53a606e.v1.png?odnHeight=16&amp;odnWidth=16&amp;odnBg=FFFFFF" width="16"/></span><span class="">sour cream</span></button></li><li class="flex flex-column items-center" data-slide="7"><button aria-pressed="false" class="w_Z4xM w_3hhZ pointer mr3 mb3" type="button"><span class="w_rIQ5"><img alt="Related searches" class="mw-none" height="16" loading="lazy" src="https://i5.walmartimages.com/dfw/4ff9c6c9-492b/k2-_d364fa80-6c6b-4a89-88ea-beaaf53a606e.v1.png?odnHeight=16&amp;odnWidth=16&amp;odnBg=FFFFFF" width="16"/></span><span class="">chips</span></button></li><li class="flex flex-column items-center" data-slide="8"><button aria-pressed="false" class="w_Z4xM w_3hhZ pointer mr3 mb3" type="button"><span class="w_rIQ5"><img alt="Related searches" class="mw-none" height="16" loading="lazy" src="https://i5.walmartimages.com/dfw/4ff9c6c9-492b/k2-_d364fa80-6c6b-4a89-88ea-beaaf53a606e.v1.png?odnHeight=16&amp;odnWidth=16&amp;odnBg=FFFFFF" width="16"/></span><span class="">milk</span></button></li><li class="flex flex-column items-center" data-slide="9"><button aria-pressed="false" class="w_Z4xM w_3hhZ pointer mr3 mb3" type="button"><span class="w_rIQ5"><img alt="Related searches" class="mw-none" height="16" loading="lazy" src="https://i5.walmartimages.com/dfw/4ff9c6c9-492b/k2-_d364fa80-6c6b-4a89-88ea-beaaf53a606e.v1.png?odnHeight=16&amp;odnWidth=16&amp;odnBg=FFFFFF" width="16"/></span><span class="">shredded cheese</span></button></li><li class="flex flex-column items-center" data-slide="10" style="scroll-snap-align: start;"><button aria-pressed="false" class="w_Z4xM w_3hhZ pointer mr3 mb3" type="button"><span class="w_rIQ5"><img alt="Related searches" class="mw-none" height="16" loading="lazy" src="https://i5.walmartimages.com/dfw/4ff9c6c9-492b/k2-_d364fa80-6c6b-4a89-88ea-beaaf53a606e.v1.png?odnHeight=16&amp;odnWidth=16&amp;odnBg=FFFFFF" width="16"/></span><span class="">tomatoes</span></button></li></ul><a aria-disabled="false" aria-label="Next slide for Related searches list" class="absolute dn z-5 bg-white br-100 pa0 pointer db-l br-100 nav-control right-1" data-testid="horizontal-scroller-next" link-identifier="horizontalScrollerNext" role="button" tabindex="0"><i class="ld ld-ChevronRight" style="font-size: 1.5rem; vertical-align: -0.25em; padding: 12px; width: 1.5rem; height: 1.5rem; box-sizing: content-box;"></i></a></div></div></section></div></div><div style="min-height: 48px;"><nav aria-label="pagination" class="bg-white pt5 pb5"><ul class="list flex items-center justify-center pa0"><li aria-hidden="true"><div class="w4 h4"></div></li><li><a aria-current="page" class="sans-serif ph1 pv2 w4 h4 lh-copy border-box br-100 b--solid mh2-m db tc no-underline black bg-white b b--primary" data-automation-id="page-number" href="#" link-identifier="Generic Name" role="button">1</a></li><li><a aria-label="Go to Page 2" class="sans-serif ph1 pv2 w4 h4 lh-copy border-box br-100 b--solid mh2-m db tc no-underline black bg-white b--white-90" data-automation-id="page-number" href="#" link-identifier="Generic Name" role="button">2</a></li><li><a aria-label="Go to Page 3" class="sans-serif ph1 pv2 w4 h4 lh-copy border-box br-100 b--solid mh2-m db tc no-underline black bg-white b--white-90" data-automation-id="page-number" href="#" link-identifier="Generic Name" role="button">3</a></li><li><div class="sans-serif pa1 lh-copy border-box bg-white">...</div></li><li><div class="sans-serif ph1 pv2 w4 h4 lh-copy border-box br-100 b--solid mh2-m db tc no-underline gray bg-white b--white-90">25</div></li><li><a aria-label="Next Page" class="sans-serif ph1 pv2 w4 h4 border-box bg-white br-100 b--solid ba mh2-m db tc no-underline b--light-gray" data-testid="NextPage" href="#" link-identifier="Generic Name" role="button"><i class="ld ld-ChevronRight pv1 primary" style="font-size: 1.5rem; vertical-align: -0.25em; width: 1.5rem; height: 1.5rem; box-sizing: content-box;"></i></a></li></ul></nav></div><div class="w_3jM4 pa0" id="SEARCH-MarqueeDisplayAd-marquee2-cheese-"></div> <div class="pt3"><div class="w_3jM4 pa0" id="SEARCH-SPCarousel-bottom-cheese-"></div></div> </div></div></div></div></main></div><div id="third-party-cookie-detection" style="display:none"></div></div><span><footer class="db pt5-hdkp lh-copy relative z-0"><section class="flex flex-column flex-row-hdkp justify-center bg-washed-primary"><section class=""><div class="pb4 pt3 pa0-hdkp footer-wrapper ph3 tc" style="padding-top:2rem;padding-bottom:2rem"><p class="f5 mt0">We’d love to hear what you think!</p><button class="w_hhLG w_XK4d w_jDfj" type="button">Give feedback</button></div></section></section><div class="bw2 bt-0 bl-0 br-0 b--solid b--near-white b--none-hdkp"></div><section><ul class="list ma0 mt3 ph3 pt1 ma0-hdkp ph4-hdkp pb4-hdkp pt3-hdkp flex-hdkp flex-wrap-hdkp justify-center-hdkp footer-list" data-testid="responsive-footer-list"><li><a class="f6 no-underline mb3 ma0-hdkp footer-link mr4-hdkp db" href="/all-departments" link-identifier="All Departments">All Departments</a></li><li><a aria-label="Store Directory - opens in a new window" class="f6 no-underline mb3 ma0-hdkp footer-link mr4-hdkp db" href="/store/directory" link-identifier="Store Directory" rel="noopener noreferrer" target="_blank">Store Directory</a></li><li><a aria-label="Careers - opens in a new window" class="f6 no-underline mb3 ma0-hdkp footer-link mr4-hdkp db" href="https://careers.walmart.com/" link-identifier="Careers" rel="noopener noreferrer" target="_blank">Careers</a></li><li><a aria-label="Our Company - opens in a new window" class="f6 no-underline mb3 ma0-hdkp footer-link mr4-hdkp db" href="https://corporate.walmart.com/" link-identifier="Our Company" rel="noopener noreferrer" target="_blank">Our Company</a></li><li><a aria-label="Sell on Walmart.com - opens in a new window" class="f6 no-underline mb3 ma0-hdkp footer-link mr4-hdkp db" href="https://marketplace.walmart.com/?utm_source=Walmart.com&amp;utm_medium=link&amp;utm_campaign=footer" link-identifier="Sell on Walmart.com" rel="noopener noreferrer" target="_blank">Sell on Walmart.com</a></li><li><a class="f6 no-underline mb3 ma0-hdkp footer-link mr4-hdkp db" href="/help" link-identifier="Help">Help</a></li><li><a aria-label="Product Recalls - opens in a new window" class="f6 no-underline mb3 ma0-hdkp footer-link mr4-hdkp db" href="https://corporate.walmart.com/recalls" link-identifier="Product Recalls" rel="noopener noreferrer" target="_blank">Product Recalls</a></li><li><a aria-label="Accessibility - opens in a new window" class="f6 no-underline mb3 ma0-hdkp footer-link mr4-hdkp db" href="https://www.walmart.com/help/article/responsible-disclosure-and-accessibility-policies/0f173dab8bd942da84b1cd7ab5ffc3cb" link-identifier="Accessibility" rel="noopener noreferrer" target="_blank">Accessibility</a></li><li><a class="f6 no-underline mb3 ma0-hdkp footer-link mr4-hdkp db" href="https://www.walmart.com/cp/tax-exemption-program/8480422" link-identifier="Tax Exempt Program">Tax Exempt Program</a></li><li><a class="f6 no-underline mb3 ma0-hdkp footer-link mr4-hdkp db" href="https://walmart.onelink.me/UIev?pid=walmart.com&amp;af_web_dp=https%3A%2F%2Fwww.walmart.com%2Fcp%2Fwalmart-mobile-app%2F1087865&amp;c=Walmart.com%20Site%20Footer&amp;af_dp=walmart%3A%2F%2F" link-identifier="Get the Walmart App">Get the Walmart App</a></li><li><a class="f6 no-underline mb3 ma0-hdkp footer-link mr4-hdkp db" href="https://www.walmart.com/cp/email-opt-in/8196352?gbo=1" link-identifier="Sign-up for Email">Sign-up for Email</a></li><li><a class="f6 no-underline mb3 ma0-hdkp footer-link mr4-hdkp db" href="http://msds.walmartstores.com/" link-identifier="Safety Data Sheet">Safety Data Sheet</a></li><li><a class="f6 no-underline mb3 ma0-hdkp footer-link mr4-hdkp db" href="/help/article/walmart-com-terms-of-use/3b75080af40340d6bbd596f116fae5a0" link-identifier="Terms of Use">Terms of Use</a></li><li><a aria-label="Privacy &amp; Security - opens in a new window" class="f6 no-underline mb3 ma0-hdkp footer-link mr4-hdkp db" href="https://corporate.walmart.com/privacy-security" link-identifier="Privacy &amp; Security" rel="noopener noreferrer" target="_blank">Privacy &amp; Security</a></li><li><a aria-label="California Supply Chain Act - opens in a new window" class="f6 no-underline mb3 ma0-hdkp footer-link mr4-hdkp db" href="https://corporate.walmart.com/california-transparency" link-identifier="California Supply Chain Act" rel="noopener noreferrer" target="_blank">California Supply Chain Act</a></li><li><a aria-label="Your Privacy Choices - opens in a new window" class="f6 no-underline mb3 ma0-hdkp footer-link mr4-hdkp flex items-center" href="https://www.walmart.com/account/api/ccpa-intake?native=false&amp;app=gm&amp;type=sod" link-identifier="Your Privacy Choices" rel="noopener noreferrer" target="_blank"><img alt="Privacy choices icon" class="mr1" height="14" loading="lazy" src="//i5.walmartimages.com/dfwrs/76316474-f70e/k2-_67001355-c576-4ca2-989d-260a2673c41a.v1.png" width="29"/>Your Privacy Choices</a></li><li><a aria-label="Notice at Collection - opens in a new window" class="f6 no-underline mb3 ma0-hdkp footer-link mr4-hdkp db" href="https://corporate.walmart.com/privacy-security/california-privacy-rights#what-are-the-categories-of-personal-information-collected" link-identifier="Notice at Collection" rel="noopener noreferrer" target="_blank">Notice at Collection</a></li><li><a class="f6 no-underline mb3 ma0-hdkp footer-link mr4-hdkp db" href="https://corporate.walmart.com/privacy-security/walmart-privacy-notice#interest-based-advertising" link-identifier="AdChoices">AdChoices</a></li><li><a class="f6 no-underline mb3 ma0-hdkp footer-link mr4-hdkp db" href="https://corporate.walmart.com/privacy-security/walmart-consumer-health-data-privacy-notices" link-identifier="Consumer Health Data Privacy Notices">Consumer Health Data Privacy Notices</a></li><li><a class="f6 no-underline mb3 ma0-hdkp footer-link mr4-hdkp db" href="https://www.walmart.com/brand/branddirectory" link-identifier="Brand Shop Directory">Brand Shop Directory</a></li><li><a class="f6 no-underline mb3 ma0-hdkp footer-link mr4-hdkp db" href="https://www.walmart.com/cp/pharmacy/5431?povid=HWS_GlobalFooter_Pharmacy" link-identifier="Pharmacy">Pharmacy</a></li><li><a class="f6 no-underline mb3 ma0-hdkp footer-link mr4-hdkp db" href="https://www.walmart.com/cp/walmart-business/7810722?povid=7810722_POV_WMTfooter" link-identifier="Walmart Business">Walmart Business</a></li><li><a class="f6 no-underline mb3 ma0-hdkp footer-link mr4-hdkp db" href="https://www.walmart.com/cp/walmart-in-the-know/7781927" link-identifier="#IYWYK">#IYWYK</a></li><li><a class="f6 no-underline mb3 ma0-hdkp footer-link db" href="https://www.walmart.com/account/login?vid=oaoh&amp;tid=0&amp;returnUrl=%2Faccount%2Fdelete-account" link-identifier="Delete Account">Delete Account</a></li></ul><div class="f7 lh-title mt6 pb5 ph3 pt1 tc-hdkp pa0-hdkp pt2-hdkp ma0-hdkp pb5-hdkp footer-copyright">© 2025 Walmart. All Rights Reserved.</div></section></footer></span> </div></div><span aria-live="assertive" class="w_iUH7"></span><span aria-live="polite" class="w_iUH7"></span><div aria-live="assertive"></div><div aria-live="assertive"></div></div>, <div class="flex flex-column min-vh-100 shadow-2" data-testid="layout-container" style="transform:none;transition:transform .2s"><span class="bg-secondary w-100 top-0 z-1 sticky" data-pcss-show="true" data-testid="global-header" style="transition:top 0.65s"><a class="o-0 absolute" link-identifier="Generic Name" tabindex="-1"></a><a class="slider skip-main bg-white-90" href="#maincontent" link-identifier="Generic Name">Skip to Main Content</a><header class="flex items-center justify-center pa3 center-hdkp ph4-hdkp pv3-hdkp" data-testid="responsiveHeader"><div class="flex items-center justify-center dn-hdkp" style="transition:opacity .3s"><button aria-expanded="false" aria-hidden="false" aria-label="Menu" class="flex items-center b--none bg-transparent mr3 pa0 pointer h3 w3 no-underline white" data-testid="Menu" type="button"><i aria-hidden="true" class="ld ld-Menu" style="font-size: 1.5rem; vertical-align: -0.25em; width: 24px; height: 24px; box-sizing: content-box;"></i></button><a aria-hidden="false" aria-label="Walmart Homepage" class="gold h3 w3 dn-hdkp" data-automation-id="header-link-walmartLogo" href="/" link-identifier="walmartLogoMobile"><i aria-hidden="true" class="ld ld-Spark" style="font-size:2rem;vertical-align:-0.325em;width:2rem;height:2rem;box-sizing:content-box"></i></a></div><a aria-label="Walmart Homepage" class="header-navigation flex-hdkp items-center no-underline justify-center mr3 pa3 hover-bg-dark-primary hover-bg-navy" href="/" link-identifier="walmartLogoDesktop" style="border-radius:37px;transition:all 100ms cubic-bezier(0.77, 0, 0.175, 1);height:52px;padding:0.5rem;width:52px;margin-right:12px"><img alt="Walmart" class="db" data-automation-id="header-walmartLogo" height="auto" loading="lazy" src="https://i5.walmartimages.com/dfw/ecf648a-237c/k2-_6d66b486-7502-401d-939d-c9c1f6f22e11.v1.png" width="36"/></a><section aria-label="How do you want your items?" class="pr3 dn db-hdkp bg-dark-blue hover-bg-navy white" style="width:314px;height:52px;border-radius:32px;padding-left:10px;padding-right:12px"><div class="white sticky z-3 gic-wrapper gic-wrapper-redesign-top" data-pcss-show="true" data-testid="gic-wrapper" id="gic-wrapper" style="min-height:41px"><hr aria-hidden="true" class="w_8Gn9 banner-divider redesign"/><div data-pcss-hide="true" data-testid="global-intent-center"><div class="flex center items-center f6" id="intent-banner-section" style="height: 52px;"><button aria-expanded="false" class="w_hhLG w_DZvO w_0_LY pa0 no-underline w-100 white hover-white" data-automation-id="fulfillment-banner" tabindex="0" type="button"><div class="flex items-center justify-between w-100"><img alt="" class="br-100 v-btm" height="32" loading="lazy" src="https://i5.walmartimages.com/dfw/4ff9c6c9-ad46/k2-_0a671c38-d307-447c-835e-7904ab143c26.v1.png" style="margin-right: 12px;" width="32"/><div class="items-center content-start items-start flex-auto flex-none-m tl" style="width: 232px;"><span><span class="lh-copy-ns pointer lh-copy fw7 f5"><span class="dn">How do you want your items?</span><span class="">How do you want your items?</span></span></span><div class="lh-title fw4"><div class="items-center fl"><div class="dn dn-m db">10460</div><div class="db-m dn db-m"><div class="flex items-center"><span class="mw-none-m" data-qm-mask="true">Bronx, 10460</span></div></div></div><div class="items-center"><div class="dn dn-m db">07047</div><div class="db-m dn db-m"><div class="flex items-center"><span class="ph1">•</span><span class="mw-none-m truncate">North Bergen Supercenter</span></div></div></div></div></div><div class="" style="width: 28px; height: 28px; border-color: rgb(230, 241, 252); border-radius: 24px; padding-top: 2px;"><i aria-hidden="true" class="ld ld-ChevronDown" style="font-size: 1rem; vertical-align: -0.175em; width: 16px; height: 16px; padding: 3px 0px; color: rgb(230, 241, 252); box-sizing: content-box;"></i></div></div></button></div><div class="" style="left: -32px; top: 16px;"><span class="w_iUH7"></span><section data-testid="global-intent-center-banner"><div aria-label="How do you want your items?" class="br3 br--bottom bg-primary dn pt4 pb3 pt4 ph4" role="dialog" style="line-height: normal;"><div data-focus-lock-disabled="false"><div data-no-autofocus="false"><ul class="flex justify-between bg-primary list ph6 mt0 mb3" style="gap: 20px;"><li class="relative" style="flex: 1 1 0%;"><button aria-label="Shipping" aria-pressed="false" class="flex flex-column items-center sans-serif bg-primary b--none pointer ph0 white" id="intent-id0" type="button"><div class="pa1"><img alt=" " aria-hidden="true" class="v-btm" height="50" loading="lazy" src="https://i5.walmartimages.com/dfw/4ff9c6c9-486e/k2-_4be6f532-b0b2-4480-bb65-d53586e87193.v1.png" width="50"/></div><div class="f6 mt2 b">Shipping</div></button></li><li class="relative" style="flex: 1 1 0%;"><button aria-label="Pickup" aria-pressed="false" class="flex flex-column items-center sans-serif bg-primary b--none pointer ph0 white" id="intent-id1" type="button"><div class="pa1"><img alt=" " aria-hidden="true" class="v-btm" height="50" loading="lazy" src="https://i5.walmartimages.com/dfw/4ff9c6c9-944a/k2-_333618e2-7327-4081-990e-7870dd062248.v1.png" width="50"/></div><div class="f6 mt2 b">Pickup</div></button></li><li class="relative" style="flex: 1 1 0%;"><button aria-label="Delivery" aria-pressed="false" class="flex flex-column items-center sans-serif bg-primary b--none pointer ph0 white" id="intent-id2" type="button"><div class="pa1"><img alt=" " aria-hidden="true" class="v-btm" height="50" loading="lazy" src="https://i5.walmartimages.com/dfw/4ff9c6c9-4637/k2-_c8d39665-dac4-474a-9fb7-ab5feeb647b5.v1.png" width="50"/></div><div class="f6 mt2 b">Delivery</div></button></li></ul><div class=""><div class=""><div class="shadow-1 br3"><div class="bg-white black br3 pa3 mb2"><div class="flex flex-column items-stretch" data-automation-id="fulfillment-address"><div class="bw0 dark-gray sans-serif flex flex-row justify-center items-stretch flex-auto tl ph0"><div class="flex flex-column flex-auto justify-center"><div class="flex"><div class="flex-none"><div class="flex items-center"><img alt="" height="16" loading="lazy" src="https://i5.walmartimages.com/dfw/4ff9c6c9-5249/k2-_71d3c250-050a-40b0-8fd7-c84c1df83204.v1.png" width="16"/></div></div><div class="flex items-start justify-center flex-column ml2"><div class="w_kV33 w_LD4J w_mvVb db lh-title mb1"><div class="f7">Add an address for shipping and delivery</div></div><div class="w_U9_0 w_U0S3 w_QcqU db lh-title"><div class="f7" data-qm-mask="true"> Bronx, NY 10460</div></div></div></div><div class="f7 flex items-center"><button class="w_hhLG w_8nsR w_0_LY pa1 w-100 mt2" type="button">Add address</button></div></div></div></div></div></div><div class="shadow-1 br3"><div class="bg-white black br3 pa3 mb2"><div class="flex flex-column items-stretch" data-automation-id="fulfillment-address"><button class="bw0 dark-gray sans-serif flex flex-row justify-center items-stretch flex-auto tl ph0 pointer bg-white-90"><div class="flex flex-column flex-auto justify-center"><div class="flex"><div class="flex-none"><div class="flex items-center"><img alt="" height="16" loading="lazy" src="https://i5.walmartimages.com/dfw/4ff9c6c9-14f0/k2-_8ce34043-6050-4f39-afb2-3e76a554f8a3.v1.png" width="16"/></div></div><div class="flex items-start justify-center flex-column ml2"><div class="w_kV33 w_LD4J w_mvVb db lh-title mb1"><div class="f7">North Bergen Supercenter</div></div><div class="w_U9_0 w_U0S3 w_QcqU db lh-title"><div class="f7">2100 88TH ST, North Bergen, NJ 07047</div></div></div></div><div class="f7 flex items-center"></div></div><div class="flex items-center"><i aria-hidden="true" class="ld ld-ChevronRight" style="font-size: 1.5rem; vertical-align: -0.25em; width: 1.5rem; height: 1.5rem; box-sizing: content-box;"></i></div></button></div></div></div></div></div><button aria-label="Close, how do you want your items?" class="slider skip-main bg-primary bg-transparent bn lh-solid pa0 tc underline inline-button pointer right-0 skip-btn" type="button"><i aria-hidden="true" class="ld ld-CloseCircleFill white" style="font-size: 1.5rem; vertical-align: -0.25em; width: 1.5rem; height: 1.5rem; box-sizing: content-box;"></i></button><hr aria-hidden="true" class="w_8Gn9 br4 dn-m mt4 mb2 bg-white" style="width: 135px; height: 4px; margin-left: auto; margin-right: auto;"/><div class="dn"></div></div></div></div></section></div><span aria-hidden="true" class="w_iUH7"><div class="flex items-center"><span class="mw-none-m" data-qm-mask="true">Bronx, 10460</span></div><div class="flex items-center"><span class="ph1">•</span><span class="mw-none-m truncate">North Bergen Supercenter</span></div></span><div class="dn" data-testid="gic-dim-body" style="top: 84px;"></div></div></div></section><nav aria-label="Account and Cart"><ul class="flex ma0 pa0 list" style="height:52px"><li class="dn db-hdkp ml3 relative"><a aria-expanded="false" aria-haspopup="true" class="flex items-center no-underline desktop-header-trigger lh-title lh-solid redesign-nav-v2 white hover-bg-navy" href="/my-items" link-identifier="Reorder my items" role="button" style="border-radius:32px;height:52px;transition:all 100ms cubic-bezier(0.77, 0, 0.175, 1)"><i aria-hidden="true" class="ld ld-Heart pr2" style="font-size:1rem;vertical-align:-0.175em;width:16px;height:1rem;box-sizing:content-box"></i><div class="nowrap"><div class="lh-title f6" style="height:20px">Reorder</div><div class="b f5 lh-copy" style="margin-top:-4px">My Items</div></div></a><div class="absolute bg-white br3 br--bottom left-0 lh-copy mt3 shadow-1 z-1 dn" data-testid="my-items-flyout" style="margin-top:16px;left:50%;transform:translateX(-50%)"><div class="ph4 pt4 pb2" data-automation-id="walmart-myitems"><a class="dark-gray db f6 no-underline nowrap desktop-header-flyout-link mb3" data-automation-id="walmart-reorder" href="/my-items" link-identifier="Reorder"><i class="ld ld-Reorder mr2" style="font-size:1rem;vertical-align:-0.175em;width:1rem;height:1rem;box-sizing:content-box"></i>Reorder</a><a class="dark-gray db f6 no-underline nowrap desktop-header-flyout-link mb3" data-automation-id="walmart-list" href="/lists" link-identifier="Lists"><i class="ld ld-Heart mr2" style="font-size:1rem;vertical-align:-0.175em;width:1rem;height:1rem;box-sizing:content-box"></i>Lists</a><a class="dark-gray db f6 no-underline nowrap desktop-header-flyout-link mb3" href="/my-registries" link-identifier="Registries"><i class="ld ld-Gift mr2" style="font-size:1rem;vertical-align:-0.175em;width:1rem;height:1rem;box-sizing:content-box"></i>Registries</a></div></div></li><li class="dn db-hdkp ml2 relative"><a aria-expanded="false" aria-haspopup="true" class="flex items-center no-underline desktop-header-trigger lh-title lh-solid redesign-nav-v2 white hover-bg-navy" href="https://identity.walmart.com/account/login?client_id=5f3fb121-076a-45f6-9587-249f0bc160ff&amp;redirect_uri=https%3A%2F%2Fwww.walmart.com%2Faccount%2FverifyToken&amp;scope=openid+email+offline_access&amp;tenant_id=elh9ie&amp;state=%2Fsearch%3Fq%3Dcheese&amp;code_challenge=16XJ8Ey5o2mqPSfgwu8ktHRwQuQFLkaN9OKW-APqguo" link-identifier="Account" role="button" style="border-radius: 32px; height: 52px; transition: 100ms cubic-bezier(0.77, 0, 0.175, 1);"><i aria-hidden="true" class="ld ld-User" style="font-size: 16px; vertical-align: -0.175em; width: 16px; height: 16px; box-sizing: content-box;"></i><div class="ml2 nowrap" data-automation-id="headerSignIn"><div class="mw3 mw4-hdkp truncate lh-copy f6" style="height: 20px;">Sign In</div><div class="b lh-copy h2 f5" style="margin-top: -4px;">Account</div></div></a><div class="absolute bg-white br3 br--bottom left-0 lh-copy mt3 shadow-1 z-1 dn" data-testid="account-flyout" style="margin-top:16px;left:50%;transform:translateX(-50%)"><div class="pa4"><button class="w_hhLG w_8nsR w_0_LY db mb3 w-100" data-testid="sign-in" type="button">Sign in or create account</button><div class="mb3"><hr aria-hidden="true" class="w_8Gn9"/></div><a class="dark-gray db f6 no-underline nowrap desktop-header-flyout-link" data-automation-id="headerPurchaseHistory" href="/orders" link-identifier="Purchase History"><i class="ld ld-Receipt mr2" style="font-size:1rem;vertical-align:-0.175em;width:1rem;height:1rem;box-sizing:content-box"></i>Purchase History</a><a class="dark-gray db f6 no-underline nowrap desktop-header-flyout-link mt3" href="/plus" link-identifier="Walmart Plus"><img alt="Walmart+" class="mr2 f5" height="16" loading="lazy" src="//i5.walmartimages.com/dfw/63fd9f59-ac39/29c6759d-7f14-49fa-bd3a-b870eb4fb8fb/v1/wplus-icon-blue.svg" style="vertical-align:-0.175em" width="16"/>Walmart+</a></div></div></li><li aria-hidden="false" class="undefined" style="transition:opacity .3s"><div class="relative"><div class="cart-button cart-button-wrapper-redesigned ml2 flex justify-center db-hdkp justify-start-hdkp h-auto-hdkp ml2-hdkp flex-column"><button aria-label="Cart contains 0 items Total Amount $0.00" class="bn bg-transparent br2 flex flex-column items-center pa0 pointer relative sans-serif white hover-bg-dark-primary hover-bg-navy cart-button-redesigned" data-automation-id="cart-button-header" id="cart-button-header" style="border-radius:32px;transition:all 100ms cubic-bezier(0.77, 0, 0.175, 1);height:52px;padding:2px 12px" type="button"><i class="ld ld-Cart mr1 white mb1" style="font-size:1.5rem;vertical-align:-0.25em;width:24px;height:24px;box-sizing:content-box"></i><span class="w_nHwa w_r_kp w_Vhrw w_uS24 absolute cart-badge-redesigned" id="cart-badge" style="padding: 0px 4px;">0</span><span class="db nowrap cart-total redesigned-cart-total">$0.00</span></button></div></div></li></ul></nav></header><div class="flex items-center justify-between bg-near-white-primary header-navigation ph4" data-testid="hearder-navigation" style="height:48px"><div class="flex items-center w-100"><nav aria-label="Primary" class="flex"><ul class="flex flex-row pa0 ma0 list"><li style="padding-right:2px"><section class="dn db-hdkp"><div> <div class="relative"><button aria-expanded="false" aria-haspopup="true" class="flex items-center no-underline desktop-header-trigger lh-title b navy secondary-nav-flyout-trigger redesign-secondary-nav-flyout-button-v2 pointer sans-serif bg-transparent b--none" style="border-radius:100px;height:32px;transition:all 100ms cubic-bezier(0.77, 0, 0.175, 1)" type="button"><i aria-hidden="true" class="ld ld-Grid pr2" style="font-size:1rem;vertical-align:-0.175em;width:1rem;height:1rem;box-sizing:content-box"></i>Departments<i class="ld ld-ChevronDown pl2" style="font-size:1rem;vertical-align:-0.175em;width:1rem;height:1rem;box-sizing:content-box"></i></button><div class="absolute bg-white br3 br--bottom left-0 lh-copy mt3 shadow-1 z-1 dn" data-testid="departments-flyout" style="margin-top: 8px; left: 0px; transform: none; margin-left: 0px; max-height: 578px;"><div></div></div></div> </div></section></li><li style="padding-right:2px"><section class="dn db-hdkp"><div> <div class="relative"><button aria-expanded="false" aria-haspopup="true" class="flex items-center no-underline desktop-header-trigger lh-title b navy secondary-nav-flyout-trigger redesign-secondary-nav-flyout-button-v2 pointer sans-serif bg-transparent b--none" style="border-radius:100px;height:32px;transition:all 100ms cubic-bezier(0.77, 0, 0.175, 1)" type="button"><i aria-hidden="true" class="ld ld-Services pr2" style="font-size:1rem;vertical-align:-0.175em;width:1rem;height:1rem;box-sizing:content-box"></i>Services<i class="ld ld-ChevronDown pl2" style="font-size:1rem;vertical-align:-0.175em;width:1rem;height:1rem;box-sizing:content-box"></i></button><div class="absolute bg-white br3 br--bottom left-0 lh-copy mt3 shadow-1 z-1 dn" data-testid="services-flyout" style="margin-top: 8px; left: 0px; transform: none; margin-left: 0px; max-height: 578px;"><div></div></div></div> </div></section></li></ul></nav><div class="flex ph2 items-center blue mr1 mh1">|</div><section class="flex-auto dn db-m" data-testid="sub-nav-links-container"><nav aria-label="Secondary"><ul class="sub-nav-link-container flex-auto list pa0 ma0 f6 overflow-hidden flex-wrap cg-2" style="height: 20px;"><li><a class="no-underline sub-nav-link white ph2 navy redesign-sub-nav-link-focus flex" href="https://www.walmart.com/cp/pharmacy-delivery/7187181" link-identifier="Pharmacy Delivery">Pharmacy Delivery</a></li><li><a class="no-underline sub-nav-link white ph2 navy redesign-sub-nav-link-focus flex" href="https://www.walmart.com/cp/7689165" link-identifier="New">New</a></li><li><a class="no-underline sub-nav-link white ph2 navy redesign-sub-nav-link-focus flex" href="https://www.walmart.com/cp/easter/1102349" link-identifier="Easter">Easter</a></li><li><a class="no-underline sub-nav-link white ph2 navy redesign-sub-nav-link-focus flex" href="https://www.walmart.com/shop/deals/baby" link-identifier="Baby Days">Baby Days</a></li><li><a class="no-underline sub-nav-link white ph2 navy redesign-sub-nav-link-focus flex" href="https://www.walmart.com/cp/clothing/5438" link-identifier="Fashion">Fashion</a></li><li><a class="no-underline sub-nav-link white ph2 navy redesign-sub-nav-link-focus flex" href="https://www.walmart.com/cp/home/4044" link-identifier="Home">Home</a></li><li><a class="no-underline sub-nav-link white ph2 navy redesign-sub-nav-link-focus flex" href="https://www.walmart.com/cp/electronics/3944" link-identifier="Tech">Tech</a></li><li><a class="no-underline sub-nav-link white ph2 navy redesign-sub-nav-link-focus flex" href="https://www.walmart.com/cp/household-essentials/1115193" link-identifier="Paper &amp; Cleaning">Paper &amp; Cleaning</a></li><li><a class="no-underline sub-nav-link white ph2 navy redesign-sub-nav-link-focus flex" href="https://www.walmart.com/cp/food/976759" link-identifier="Grocery">Grocery</a></li><li><a class="no-underline sub-nav-link white ph2 navy redesign-sub-nav-link-focus flex" href="https://www.walmart.com/cp/gifts-registry/1094765" link-identifier="Registry">Registry</a></li><li><a class="no-underline sub-nav-link white ph2 navy redesign-sub-nav-link-focus flex" href="https://www.walmart.com/cp/3747098?utm_content=WMD-HPG-GBNA" link-identifier="ONE Cash">ONE Cash</a></li><li><a class="no-underline sub-nav-link white ph2 navy redesign-sub-nav-link-focus flex" href="https://www.walmart.com/plus" link-identifier="Walmart+">Walmart+</a></li></ul></nav></section></div></div></span><div aria-hidden="false" class="flex flex-column flex-auto relative z-0"><div class="white sticky z-3 gic-wrapper gic-wrapper-redesign-top layout-gic-wrapper" data-pcss-show="true" data-testid="gic-wrapper" id="gic-wrapper" style="min-height:41px;transition:top 0.65s"><hr aria-hidden="true" class="w_8Gn9 banner-divider redesign"/><div class="items-center flex flex-auto ph3 ph4-m pv1 gic-container redesignv2" data-pcss-hide="true"><div class="flex items-center h3"><img alt="Banner title icon" class="mr2 br-100 v-btm" height="32" loading="lazy" src="https://i5.walmartimages.com/dfwrs/76316474-3850/k2-_c6d4aec7-b4a7-4ea4-9223-07c8daef4fcf.v1.png" width="32"/><span class="b f5">How do you want your items?</span></div></div></div><div class="flex-auto relative z-1" data-testid="main-content-container"><div class="main-content mw1600 center" data-testid="maincontent" id="maincontent"><main data-ads-url="http://swag-wmt.prod.walmart.com/fs?storeSlotBooked=&amp;prg=desktop&amp;limit=40&amp;query=cheese&amp;cat_id=&amp;facet=&amp;page=1&amp;ps=16&amp;min_price=&amp;max_price=&amp;sort=best_match&amp;spelling=true&amp;recall_set=&amp;ptss=&amp;pageType=SearchPage&amp;trsp=&amp;ffAwareSearchOptOut=false&amp;zipcode=10460&amp;stores=3795&amp;stateOrProvinceCode=NY&amp;latitude=40.8407&amp;longitude=-73.8787&amp;extended_zipcode=10460&amp;addressId=&amp;inCatchment=false&amp;multiStoreIds=3520%2C3159%2C5752%2C3562%2C5293%2C5447%2C3420%2C5867&amp;autoOptIn=false&amp;isMoreOptionsTileEnabled=true&amp;isGenAiEnabled=true&amp;rootDimension=&amp;altQuery=&amp;selectedFilter=&amp;isDefaulted=false&amp;customerContext=%7B%22customerId%22%3Anull%2C%22isPaidMember%22%3Afalse%2C%22isActiveMember%22%3Afalse%2C%22purseTags%22%3A%5B%5D%7D&amp;pickupStore=3795&amp;deliveryStore=&amp;subIntentSource=LS&amp;msOn=false&amp;isMosaic=false" data-sis-url="http://preso-usgm-prod.wmt/v2/search?query=cheese&amp;facet=&amp;stores=3795&amp;cat_id=&amp;sort=best_match&amp;page=1&amp;min_price=&amp;max_price=&amp;spelling=true&amp;ptss=&amp;trsp=&amp;isMoreOptionsTileEnabled=true&amp;autoOptIn=false&amp;multiStoreIds=3520%2C3159%2C5752%2C3562%2C5293%2C5447%2C3420%2C5867&amp;prg=desktop&amp;storeSlotBooked=&amp;stateOrProvinceCode=NY&amp;ps=40&amp;zipcode=10460&amp;recall_set=&amp;pageType=SearchPage&amp;inCatchment=false&amp;latitude=40.8407&amp;longitude=-73.8787&amp;extended_zipcode=10460&amp;addressId=&amp;customerContext=%7B%22customerId%22%3Anull%2C%22isPaidMember%22%3Afalse%2C%22isActiveMember%22%3Afalse%2C%22purseTags%22%3A%5B%5D%7D&amp;pickupStore=3795&amp;deliveryStore=&amp;subIntentSource=LS&amp;isDefaulted=false&amp;ffAwareSearchOptOut=false&amp;isGenAiEnabled=true"><div class="flex flex-column h-100" data-testid="flex-container"><div class="h-100 relative"><div class="flex flex-column h-100" data-testid="flex-container"><div class="h-100 relative"><div data-testid="skyline-ad" style="height:55px;margin:1rem 0 0;overflow:hidden"><div class="w_3jM4 pa0" id="SEARCH-SkylineDisplayAd-top-cheese-"><span data-testid="UnfilledAd"></span></div></div> <section><span><div class="pa4-l pa3 mw-xl"><div class="w_al6g"><div class="flex pb3" data-testid="sba-container"><div class="flex pl3 pv3 pl4-m w-50-m w-60 w-50-l flex-column"><div class="relative flex flex-column flex-grow-1 w-85 w-55-l flex-row-l"><a href="https://www.walmart.com/sp/track?bt=1&amp;eventST=click&amp;plmt=sb-search-top~desktop~&amp;pos=1&amp;tax=976759_9176907_1001468_4800400&amp;rdf=1&amp;rd=https%3A%2F%2Fwww.walmart.com%2Fbrand%2Fbreakstones%2F10015707%3FadsRedirect%3Dtrue&amp;adUid=38873017-979a-414b-9d06-04ccc69a97a0&amp;mloc=sb-search-top&amp;pltfm=desktop&amp;pgId=cheese&amp;pt=search&amp;spQs=B-0ORuQ6BMVYu5ErviP0wp_rDzi6R0pB_xrxa6Yh4IfaN_7sdl9qVvpHfBLGiK36YwBt-66jYNACHhNeNiXfZyolru6ct_pGPETDOmHvS2IdGdeC8rwjhK2dxvFpT2FQO-lmiwYXN-qpnyfuFtRmT6UhDKbQkC_q-nSKyNkmzaeRIQ2wlH-fBn1gJPAwwCd8pU1DA2tX4I1uzzqRF8zX2BLcrxslmV3UriZnL-kmipU&amp;storeId=3795&amp;bkt=ace1_default%7Cace2_default%7Cace3_default%7Cbb_11237&amp;addlInfo=~sbaItems%7C10295472%7C10295471~" link-identifier="Generic Name" style="height:90px"><img alt="Breakstone's" class="mw-none mb2" height="90" loading="lazy" src="https://i5.walmartimages.com/dfw/9fa19e5c-11/k2-_39fb905f-ead5-4d80-9de9-8879091582ac.v1.png?odnHeight=90&amp;odnWidth=150&amp;odnBg=FFFFFF" srcset="https://i5.walmartimages.com/dfw/9fa19e5c-11/k2-_39fb905f-ead5-4d80-9de9-8879091582ac.v1.png?odnHeight=90&amp;odnWidth=150&amp;odnBg=FFFFFF 1x, https://i5.walmartimages.com/dfw/9fa19e5c-11/k2-_39fb905f-ead5-4d80-9de9-8879091582ac.v1.png?odnHeight=180&amp;odnWidth=300&amp;odnBg=FFFFFF 2x" width="150"/></a><div class="h-100 mh4-l w-55-l"><a class="no-underline" href="https://www.walmart.com/sp/track?bt=1&amp;eventST=click&amp;plmt=sb-search-top~desktop~&amp;pos=1&amp;tax=976759_9176907_1001468_4800400&amp;rdf=1&amp;rd=https%3A%2F%2Fwww.walmart.com%2Fbrand%2Fbreakstones%2F10015707%3FadsRedirect%3Dtrue&amp;adUid=38873017-979a-414b-9d06-04ccc69a97a0&amp;mloc=sb-search-top&amp;pltfm=desktop&amp;pgId=cheese&amp;pt=search&amp;spQs=B-0ORuQ6BMVYu5ErviP0wp_rDzi6R0pB_xrxa6Yh4IfaN_7sdl9qVvpHfBLGiK36YwBt-66jYNACHhNeNiXfZyolru6ct_pGPETDOmHvS2IdGdeC8rwjhK2dxvFpT2FQO-lmiwYXN-qpnyfuFtRmT6UhDKbQkC_q-nSKyNkmzaeRIQ2wlH-fBn1gJPAwwCd8pU1DA2tX4I1uzzqRF8zX2BLcrxslmV3UriZnL-kmipU&amp;storeId=3795&amp;bkt=ace1_default%7Cace2_default%7Cace3_default%7Cbb_11237&amp;addlInfo=~sbaItems%7C10295472%7C10295471~" link-identifier="Generic Name"><div class="flex flex-column word-break"><span class="dark-gray f3-m f6 word-normal fw7 mt0 lh-copy"><span class="w_V_DM" style="-webkit-line-clamp:2;padding-bottom:0em;margin-bottom:-0em">Expertly crafted for every occasion.</span></span><span class="gray normal f5-m f7 mb2-xl lh-copy"><span class="w_V_DM" style="-webkit-line-clamp:2;padding-bottom:0em;margin-bottom:-0em">Sponsored by Breakstone's</span></span></div></a><div class="bottom-0 z-2 dn db-m absolute"><a href="https://www.walmart.com/sp/track?bt=1&amp;eventST=click&amp;plmt=sb-search-top~desktop~&amp;pos=1&amp;tax=976759_9176907_1001468_4800400&amp;rdf=1&amp;rd=https%3A%2F%2Fwww.walmart.com%2Fbrand%2Fbreakstones%2F10015707%3FadsRedirect%3Dtrue&amp;adUid=38873017-979a-414b-9d06-04ccc69a97a0&amp;mloc=sb-search-top&amp;pltfm=desktop&amp;pgId=cheese&amp;pt=search&amp;spQs=B-0ORuQ6BMVYu5ErviP0wp_rDzi6R0pB_xrxa6Yh4IfaN_7sdl9qVvpHfBLGiK36YwBt-66jYNACHhNeNiXfZyolru6ct_pGPETDOmHvS2IdGdeC8rwjhK2dxvFpT2FQO-lmiwYXN-qpnyfuFtRmT6UhDKbQkC_q-nSKyNkmzaeRIQ2wlH-fBn1gJPAwwCd8pU1DA2tX4I1uzzqRF8zX2BLcrxslmV3UriZnL-kmipU&amp;storeId=3795&amp;bkt=ace1_default%7Cace2_default%7Cace3_default%7Cbb_11237&amp;addlInfo=~sbaItems%7C10295472%7C10295471~" link-identifier="Generic Name"><button class="w_hhLG w_XK4d w_0_LY" type="button">Shop now</button></a></div></div></div></div><div class="pv3 overflow-x-auto w-90-m w-80 w-70-l"><div class="flex flex-row" data-testid="products"><div class="flex-grow-1 ph4 w-20-l w-50-m w-35"><div class="sans-serif mid-gray relative flex flex-column w-100" data-item-id="10295472" role="group"><div class="flex flex-column flex-row-l"><div class="absolute top-0 left-0 w-100 z-1 h-100"><a class="w-100 h-100 z-1 hide-sibling-opacity absolute" href="https://www.walmart.com/sp/track?bt=1&amp;eventST=click&amp;plmt=sb-search-top~desktop~&amp;pos=2&amp;tax=976759_9176907_1001468_4800400&amp;rdf=1&amp;rd=https%3A%2F%2Fwww.walmart.com%2Fip%2FBreakstone-s-Lowfat-Small-Curd-Cottage-Cheese-with-2-Milkfat-24-oz-Tub%2F10295472%3FadsRedirect%3Dtrue&amp;adUid=38873017-979a-414b-9d06-04ccc69a97a0&amp;mloc=sb-search-top&amp;pltfm=desktop&amp;pgId=cheese&amp;pt=search&amp;spQs=ZyhEuexX_ELMoca4rK8QW0VWUD4aBzSmI61ZqLc7a7tn1Bpfr5Kdkgksl0l4GUcXQTOgDustKWRJu-QZQKGpToxTKAOxAr8uXC1SzcjBQSeXhsVN5qNuT1FxVlzBKTH9gpoygBflLVo1hPrr6DWm8HmpAOhlYYWE6nMomYI6U0qK81-_YQ3AcmKJ7XAF_dCYAp6D03HxMhq5f-tfkKDK3zLHGFdKVUQ5yCILIfDw13g&amp;storeId=3795&amp;specificity=broad&amp;specificityScore=0.16032135&amp;couponState=na&amp;bkt=ace1_default%7Cace2_default%7Cace3_default%7Cbb_11237&amp;/ip/Breakstone-s-Lowfat-Small-Curd-Cottage-Cheese-with-2-Milkfat-24-oz-Tub/10295472" link-identifier="10295472" target=""><span class="w_iUH7">Breakstone's Lowfat Small Curd Cottage Cheese with 2% Milkfat, 24 oz Tub  </span></a></div><div class="pr3 relative mb4-m"><img alt="" class="mw-none" height="150" loading="eager" src="https://i5.walmartimages.com/seo/Breakstone-s-Lowfat-Small-Curd-Cottage-Cheese-with-2-Milkfat-24-oz-Tub_372e038c-bf10-43b1-92fa-f0c15996fef8.f490edde8908af4ef293751e16937a9d.jpeg?odnHeight=150&amp;odnWidth=150&amp;odnBg=FFFFFF" width="150"/><div class="z-2 absolute bottom--2 dn db-l mb3 left--1"><div class="relative dib flex-row-reverse" data-id="10295472"><button aria-label="Add to cart - Breakstone's Lowfat Small Curd Cottage Cheese with 2% Milkfat, 24 oz Tub" class="w_hhLG w_8nsR w_jDfj pointer bn sans-serif b ph2 flex items-center justify-center w-auto shadow-1" data-automation-id="add-to-cart" data-pcss-hide="true" type="button"><i class="ld ld-Plus" style="font-size:1.5rem;vertical-align:-0.25em;width:1.5rem;height:1.5rem;box-sizing:content-box" title="add to cart"></i><span class="mr2">Add</span></button></div></div></div><div class="flex flex-column pl4-l"><div class="flex flex-wrap justify-start items-center lh-title" data-automation-id="product-price"><div aria-hidden="true" class="mr1 mr2-xl b black lh-copy f5 f4-l">$3.92</div><span class="w_iUH7">current price $3.92</span></div><span class="f6 f5-m"><span class="w_V_DM" style="-webkit-line-clamp: 3; padding-bottom: 0.1em; margin-bottom: -0.1em;">Breakstone's Lowfat Small Curd Cottage Cheese with 2% Milkfat, 24 oz Tub</span></span><div class="flex items-center mt2"><span class="black inline-flex mr1" data-testid="product-ratings" data-value="4.2"><i aria-hidden="true" class="ld ld-StarFill" style="font-size:12px;vertical-align:-0.175em;width:12px;height:12px;box-sizing:content-box"></i><i aria-hidden="true" class="ld ld-StarFill" style="font-size:12px;vertical-align:-0.175em;width:12px;height:12px;box-sizing:content-box"></i><i aria-hidden="true" class="ld ld-StarFill" style="font-size:12px;vertical-align:-0.175em;width:12px;height:12px;box-sizing:content-box"></i><i aria-hidden="true" class="ld ld-StarFill" style="font-size:12px;vertical-align:-0.175em;width:12px;height:12px;box-sizing:content-box"></i><i aria-hidden="true" class="ld ld-Star" style="font-size:12px;vertical-align:-0.175em;width:12px;height:12px;box-sizing:content-box"></i></span><span aria-hidden="true" class="sans-serif gray f7" data-testid="product-reviews" data-value="268">268</span><span class="w_iUH7">4.2 out of 5 Stars. 268 reviews</span></div><div></div></div></div></div></div><div class="flex-grow-1 ph4 w-20-l w-50-m w-35"><div class="sans-serif mid-gray relative flex flex-column w-100" data-item-id="10295471" role="group"><div class="flex flex-column flex-row-l"><div class="absolute top-0 left-0 w-100 z-1 h-100"><a class="w-100 h-100 z-1 hide-sibling-opacity absolute" href="https://www.walmart.com/sp/track?bt=1&amp;eventST=click&amp;plmt=sb-search-top~desktop~&amp;pos=3&amp;tax=976759_9176907_1001468_4800400&amp;rdf=1&amp;rd=https%3A%2F%2Fwww.walmart.com%2Fip%2FBreakstone-s-Small-Curd-Cottage-Cheese-with-4-Milkfat-24-oz-Tub%2F10295471%3FadsRedirect%3Dtrue&amp;adUid=38873017-979a-414b-9d06-04ccc69a97a0&amp;mloc=sb-search-top&amp;pltfm=desktop&amp;pgId=cheese&amp;pt=search&amp;spQs=Xbl9csL1cSfAco-PtBYewkVWUD4aBzSmI61ZqLc7a7tn1Bpfr5Kdkgksl0l4GUcXQTOgDustKWRJu-QZQKGpToxTKAOxAr8uXC1SzcjBQSeXhsVN5qNuT1FxVlzBKTH9gpoygBflLVo1hPrr6DWm8HmpAOhlYYWE6nMomYI6U0qK81-_YQ3AcmKJ7XAF_dCYAp6D03HxMhq5f-tfkKDK3zLHGFdKVUQ5yCILIfDw13g&amp;storeId=3795&amp;specificity=broad&amp;specificityScore=0.16032135&amp;couponState=na&amp;bkt=ace1_default%7Cace2_default%7Cace3_default%7Cbb_11237&amp;/ip/Breakstone-s-Small-Curd-Cottage-Cheese-with-4-Milkfat-24-oz-Tub/10295471" link-identifier="10295471" target=""><span class="w_iUH7">Breakstone's Small Curd Cottage Cheese with 4% Milkfat, 24 oz Tub  </span></a></div><div class="pr3 relative mb4-m"><img alt="" class="mw-none" height="150" loading="eager" src="https://i5.walmartimages.com/seo/Breakstone-s-Small-Curd-Cottage-Cheese-with-4-Milkfat-24-oz-Tub_b6fbe708-e9bb-450f-9268-81d650e9e6f1.ec88c5ab8b66f2b7f51c38a4815c2454.jpeg?odnHeight=150&amp;odnWidth=150&amp;odnBg=FFFFFF" width="150"/><div class="z-2 absolute bottom--2 dn db-l mb3 left--1"><div class="relative dib flex-row-reverse" data-id="10295471"><button aria-label="Add to cart - Breakstone's Small Curd Cottage Cheese with 4% Milkfat, 24 oz Tub" class="w_hhLG w_8nsR w_jDfj pointer bn sans-serif b ph2 flex items-center justify-center w-auto shadow-1" data-automation-id="add-to-cart" data-pcss-hide="true" type="button"><i class="ld ld-Plus" style="font-size:1.5rem;vertical-align:-0.25em;width:1.5rem;height:1.5rem;box-sizing:content-box" title="add to cart"></i><span class="mr2">Add</span></button></div></div></div><div class="flex flex-column pl4-l"><div class="flex flex-wrap justify-start items-center lh-title" data-automation-id="product-price"><div aria-hidden="true" class="mr1 mr2-xl b black lh-copy f5 f4-l">$3.92</div><span class="w_iUH7">current price $3.92</span></div><span class="f6 f5-m"><span class="w_V_DM" style="-webkit-line-clamp: 3; padding-bottom: 0.1em; margin-bottom: -0.1em;">Breakstone's Small Curd Cottage Cheese with 4% Milkfat, 24 oz Tub</span></span><div class="flex items-center mt2"><span class="black inline-flex mr1" data-testid="product-ratings" data-value="3.8"><i aria-hidden="true" class="ld ld-StarFill" style="font-size:12px;vertical-align:-0.175em;width:12px;height:12px;box-sizing:content-box"></i><i aria-hidden="true" class="ld ld-StarFill" style="font-size:12px;vertical-align:-0.175em;width:12px;height:12px;box-sizing:content-box"></i><i aria-hidden="true" class="ld ld-StarFill" style="font-size:12px;vertical-align:-0.175em;width:12px;height:12px;box-sizing:content-box"></i><i aria-hidden="true" class="ld ld-StarFill" style="font-size:12px;vertical-align:-0.175em;width:12px;height:12px;box-sizing:content-box"></i><i aria-hidden="true" class="ld ld-Star" style="font-size:12px;vertical-align:-0.175em;width:12px;height:12px;box-sizing:content-box"></i></span><span aria-hidden="true" class="sans-serif gray f7" data-testid="product-reviews" data-value="192">192</span><span class="w_iUH7">3.8 out of 5 Stars. 192 reviews</span></div><div></div></div></div></div></div></div></div></div></div></div><hr aria-hidden="true" class="w_8Gn9"/></span></section> <section><section aria-label="Sort and Filter section" class="w-100 flex flex-shrink-0 hidesb hidesb-wk pl3 ph4-xl pv3 relative z-10" style="min-height:64px;overflow-x:auto"><div class="w_J9Nk flex-shrink-0 facet-popover"><div class="flex flex-row flex-shrink-0 items-center br-pill bn bg-near-white mr2" data-testid="filter_chip_fulfillment_method_in_store"><button aria-checked="false" aria-label="Filter by In-store" class="f6 pv2 br-pill bn black sans-serif flex bg-near-white filter-chip-hover-state pointer" role="switch" type="button"><i aria-hidden="true" class="ld ld-Store flex ph2" data-testid="Store-icon" style="font-size:1rem;vertical-align:-0.175em;width:1rem;height:1rem;box-sizing:content-box"></i><span aria-hidden="true" class="flex pointer pr3">In-store</span></button></div><div id="react-aria-:R34ldmiqpa9cujm:"></div></div><div class="w_J9Nk flex-shrink-0 facet-popover"><div class="flex flex-row flex-shrink-0 items-center br-pill bn bg-near-white mr2" data-testid="filter_chip_price"><button aria-expanded="false" aria-label="Filter by Price not applied, activate to change" class="f6 pv2 br-pill bn black sans-serif flex bg-near-white filter-chip-hover-state pointer" type="button"><i aria-hidden="true" class="ld ld-MoneyCircle flex ph2" data-testid="MoneyCircle-icon" style="font-size:1rem;vertical-align:-0.175em;width:1rem;height:1rem;box-sizing:content-box"></i><span aria-hidden="true" class="flex pointer">Price</span><i class="ld ld-ChevronDown mh2" style="font-size:1rem;vertical-align:-0.175em;width:1rem;height:1rem;box-sizing:content-box"></i></button></div><div id="react-aria-:R54ldmiqpa9cujm:"></div></div><div class="w_J9Nk flex-shrink-0 facet-popover"><div class="flex flex-row flex-shrink-0 items-center br-pill bn bg-near-white mr2" data-testid="filter_chip_brand"><button aria-expanded="false" aria-label="Filter by Brand not applied, activate to change" class="f6 pv2 br-pill bn black sans-serif flex bg-near-white filter-chip-hover-state pointer" type="button"><span aria-hidden="true" class="flex pointer pl3">Brand</span><i class="ld ld-ChevronDown mh2" style="font-size:1rem;vertical-align:-0.175em;width:1rem;height:1rem;box-sizing:content-box"></i></button></div><div id="react-aria-:R74ldmiqpa9cujm:"></div></div><div class="w_J9Nk flex-shrink-0 facet-popover"><div class="flex flex-row flex-shrink-0 items-center br-pill bn bg-near-white mr2" data-testid="filter_chip_fulfillment_speed"><button aria-expanded="false" aria-label="Filter by Fulfillment Speed not applied, activate to change" class="f6 pv2 br-pill bn black sans-serif flex bg-near-white filter-chip-hover-state pointer" type="button"><i aria-hidden="true" class="ld ld-Clock flex ph2" data-testid="Clock-icon" style="font-size:1rem;vertical-align:-0.175em;width:1rem;height:1rem;box-sizing:content-box"></i><span aria-hidden="true" class="flex pointer">Fulfillment Speed</span><i class="ld ld-ChevronDown mh2" style="font-size:1rem;vertical-align:-0.175em;width:1rem;height:1rem;box-sizing:content-box"></i></button></div><div id="react-aria-:R94ldmiqpa9cujm:"></div></div><div class="w_J9Nk flex-shrink-0 facet-popover"><div class="flex flex-row flex-shrink-0 items-center br-pill bn bg-near-white" data-testid="filter_chip_subscription_eligible"><span class="w_PkCl w_J7NE" style="display:inline"><button aria-checked="false" aria-label="Filter by Subscription" class="f6 pv2 br-pill bn black sans-serif flex bg-near-white filter-chip-hover-state pointer" role="switch" type="button"><i aria-hidden="true" class="ld ld-Subscription flex ph2" data-testid="Subscription-icon" style="font-size:1rem;vertical-align:-0.175em;width:1rem;height:1rem;box-sizing:content-box"></i><span aria-hidden="true" class="flex pointer pr3">Subscription</span></button></span></div><div id="react-aria-:Rb4ldmiqpa9cujm:"></div></div><div class="flex flex-row items-center ml-auto flex-shrink-0 dark-grey"><span class="b mh2">Sort by</span>|<div class="w_J9Nk flex-shrink-0"><button aria-controls="react-aria-:R7kldmiqpa9cujm:" aria-expanded="false" aria-label="Sort by Best Match" class="bw0 bg-white sans-serif pointer pa1" type="button">Best Match<i arial-hiden="true" class="ld ld-ChevronDown pa0 ml6" role="img" style="font-size:1rem;vertical-align:-0.175em;width:1rem;height:1rem;box-sizing:content-box"></i></button><div id="react-aria-:R7kldmiqpa9cujm:"></div></div></div></section></section><hr aria-hidden="true" class="w_8Gn9"/> <section aria-label="Quick refinements" class="pv3"><div class="flex flex-column justify-center relative" data-testid="horizontal-scroller-chipModule"><a aria-disabled="true" aria-label="Previous slide for chipModule list" class="absolute dn z-5 bg-white br-100 pa0 pointer br-100 nav-control left-1" data-testid="horizontal-scroller-previous" link-identifier="horizontalScrollerPrevious" role="button" tabindex="0"><i class="ld ld-ChevronLeft" style="font-size:1.5rem;vertical-align:-0.25em;padding:12px;width:1.5rem;height:1.5rem;box-sizing:content-box"></i></a><ul class="list ma0 pl0 overflow-x-scroll hidesb hidesb-wk relative overflow-y-hidden pl3 spl3 pl4-xl" data-testid="carousel-container" style="display:flex;grid-auto-flow:column;max-height:fit-content"><li class="flex flex-column items-center" data-slide="0" style="scroll-snap-align: start;"><button class="w_Z4xM w_XOt8 mr2" role="link" type="button">Cheese Rollbacks</button></li><li class="flex flex-column items-center" data-slide="1"><button class="w_Z4xM w_XOt8 mr2" role="link" type="button">Shop All Dairy</button></li><li class="flex flex-column items-center" data-slide="2"><button class="w_Z4xM w_XOt8 mr2" role="link" type="button">Cheese Buying Guide</button></li><li class="flex flex-column items-center" data-slide="3"><button class="w_Z4xM w_XOt8 mr2" role="link" type="button">Shredded Cheese</button></li><li class="flex flex-column items-center" data-slide="4"><button class="w_Z4xM w_XOt8 mr2" role="link" type="button">Sliced Cheese</button></li><li class="flex flex-column items-center" data-slide="5"><button class="w_Z4xM w_XOt8 mr2" role="link" type="button">Cube &amp; String Cheese</button></li><li class="flex flex-column items-center" data-slide="6"><button class="w_Z4xM w_XOt8 mr2" role="link" type="button">Block Cheese</button></li><li class="flex flex-column items-center" data-slide="7"><button class="w_Z4xM w_XOt8 mr2" role="link" type="button">Hispanic Cheese</button></li><li class="flex flex-column items-center" data-slide="8"><button class="w_Z4xM w_XOt8 mr2" role="link" type="button">Specialty Cheese</button></li><li class="flex flex-column items-center" data-slide="9"><button class="w_Z4xM w_XOt8 mr2" role="link" type="button">Crumbled &amp; Parm Cheese</button></li><li class="flex flex-column items-center" data-slide="10" style="scroll-snap-align: start;"><button class="w_Z4xM w_XOt8 mr2" role="link" type="button">Cream Cheese &amp; Spreads</button></li><li class="flex flex-column items-center" data-slide="11"><button class="w_Z4xM w_XOt8 mr2" role="link" type="button">Deli Sliced Cheese</button></li><li class="flex flex-column items-center" data-slide="12"><button class="w_Z4xM w_XOt8 mr2" role="link" type="button">Cottage &amp; Ricotta Cheese</button></li><li class="flex flex-column items-center" data-slide="13"><button class="w_Z4xM w_XOt8 mr2" role="link" type="button">Ready to Melt Cheese</button></li><li class="flex flex-column items-center" data-slide="14"><button class="w_Z4xM w_XOt8 mr2" role="link" type="button">Dairy Free Cheese</button></li><li class="flex flex-column items-center" data-slide="15"><button class="w_Z4xM w_XOt8 mr2 mr4-xl" role="link" type="button">Cheese Making Kit</button></li></ul><a aria-disabled="false" aria-label="Next slide for chipModule list" class="absolute dn z-5 bg-white br-100 pa0 pointer db-l br-100 nav-control right-1 db" data-testid="horizontal-scroller-next" link-identifier="horizontalScrollerNext" role="button" tabindex="0"><i class="ld ld-ChevronRight" style="font-size:1.5rem;vertical-align:-0.25em;padding:12px;width:1.5rem;height:1.5rem;box-sizing:content-box"></i></a></div><div class="dn"><a href="https://www.walmart.com/browse/food/cheese/976759_9176907_1001468?facet=special_offers%3ARollback&amp;povid=976759_9176907_topnavpill_Search_Cheese_CheeseRollbacks_app_4.9.24" link-identifier="Generic Name">Cheese Rollbacks</a><a href="https://www.walmart.com/cp/dairy-eggs/9176907" link-identifier="Generic Name">Shop All Dairy</a><a href="https://www.walmart.com/cp/cheese/1001468?povid=1001468_topnavpill_cheesesearch" link-identifier="Generic Name">Cheese Buying Guide</a><a href="/browse/food/shredded-cheese/976759_9176907_1001468_4800400?povid=976759_9176907_topnavpill_BrowseCheeseShredded_ShreddedCheese_Rweb_10.4.22" link-identifier="Generic Name">Shredded Cheese</a><a href="/browse/food/sliced-cheese/976759_9176907_1001468_9603576?povid=976759_9176907_topnavpill_BrowseSliceCheese_SliceCheese_Rweb_10.4.22" link-identifier="Generic Name">Sliced Cheese</a><a href="/browse/food/cubed-string-cheese/976759_9176907_1001468_1836292?povid=976759_9176907_topnavpill_BrowseCubeStringCheese_CubeStringCheese_Rweb_10.4.22" link-identifier="Generic Name">Cube &amp; String Cheese</a><a href="/browse/food/block-cheese/976759_9176907_1001468_5573012?povid=976759_9176907_topnavpill_BrowseBlockCheese_BlockCheese_Rweb_10.4.22" link-identifier="Generic Name">Block Cheese</a><a href="https://www.walmart.com/browse/food/hispanic-cheese/976759_9176907_1001468_9973175?povid=976759_topnavpill_9176907_cheesebrowsepill_HispanicCheese_Rweb_apr_24" link-identifier="Generic Name">Hispanic Cheese</a><a href="https://www.walmart.com/browse/food/specialty-cheese/976759_9176907_1001468_4851964?povid=976759_9176907_topnavpill_BrowseSpecialtyCheese_SpecialtyCheese_Rweb_10.4.22" link-identifier="Generic Name">Specialty Cheese</a><a href="/browse/food/crumbled-grated-parmesan-cheese/976759_9176907_1001468_6908287?povid=976759_9176907_topnavpill_BrowseCrumbledGratedParmesanCheese_CrumbledGratedParmesanCheese_Rweb_10.4.22" link-identifier="Generic Name">Crumbled &amp; Parm Cheese</a><a href="/browse/food/cream-cheese-mascarpone-spreads/976759_9176907_1001468_7506933?povid=976759_9176907_topnavpill_BrowseCreamCheeseMascarponeSpreads_CreamCheeseMascarponeSpreads_Rweb_10.4.22" link-identifier="Generic Name">Cream Cheese &amp; Spreads</a><a href="https://www.walmart.com/browse/food/deli-sliced-cheese/976759_976789_5428795_3976849" link-identifier="Generic Name">Deli Sliced Cheese</a><a href="/browse/food/cottage-ricotta-cheese/976759_9176907_1001468_2109292?povid=976759_9176907_topnavpill_BrowseRicottaCheese_RicottaCheese_Rweb_10.4.22" link-identifier="Generic Name">Cottage &amp; Ricotta Cheese</a><a href="/browse/food/ready-to-melt-cheese-queso/976759_9176907_1001468_9126504?povid=976759_9176907_topnavpill_BrowseReadytoMeltCheese_ReadytoMeltCheese_Rweb_10.4.22" link-identifier="Generic Name">Ready to Melt Cheese</a><a href="/browse/food/dairy-free-cheese/976759_9176907_1001468_8246165?povid=976759_9176907_topnavpill_BrowseDairyFreeCheese_DairyFreeCheese_Rweb_10.4.22" link-identifier="Generic Name">Dairy Free Cheese</a><a href="/browse/food/cheese-making-kits/976759_9176907_1001468_7281992?povid=976759_9176907_topnavpill_BrowseCheeseMakingKit_CheeseMakingKit_Rweb_10.4.22" link-identifier="Generic Name">Cheese Making Kit</a></div></section><hr aria-hidden="true" class="w_8Gn9"/> <!-- --> <!-- --> </div></div></div><div class="h-100 relative"><div class="flex flex-column h-100" data-testid="flex-container"><div class="h-100 relative"><div class="w-100 relative-m pl4 pr4 flex pt2 search-outer-container bg-white"><div class="fl w-20 dn br b--black-10 flex-grow-0 flex-shrink-0 db-m" data-testid="lhn"><section class="overflow-y-auto overflow-x-hidden" style="position:sticky;top:128px;height:86vh"><div class="pb6 pr3"><section class="expand-collapse-section"><div class="nl3 nr3 relative" data-testid="expand-section-Departments"><div class="ma0 f4"><button aria-expanded="false" class="bg-white bw0 flex items-center justify-between ph3 pointer sans-serif w-100" type="button"><div class="dib b dark-gray f4 lh-copy tl w-100 pv3">Departments</div><i aria-hidden="true" class="ld ld-ChevronDown pa0 black" role="img" style="font-size:1rem;vertical-align:-0.175em;width:1rem;height:1rem;box-sizing:content-box"></i></button></div></div><hr aria-hidden="true" class="w_8Gn9"/></section><section class="expand-collapse-section"><div class="nl3 nr3 relative" data-testid="expand-section-Price"><div class="ma0 f4"><button aria-expanded="false" class="bg-white bw0 flex items-center justify-between ph3 pointer sans-serif w-100" type="button"><div class="dib b dark-gray f4 lh-copy tl w-100 pv3">Price</div><i aria-hidden="true" class="ld ld-ChevronDown pa0 black" role="img" style="font-size:1rem;vertical-align:-0.175em;width:1rem;height:1rem;box-sizing:content-box"></i></button></div></div><hr aria-hidden="true" class="w_8Gn9"/></section><section class="expand-collapse-section"><div class="nl3 nr3 relative" data-testid="expand-section-Brand"><div class="ma0 f4"><button aria-expanded="false" class="bg-white bw0 flex items-center justify-between ph3 pointer sans-serif w-100" type="button"><div class="dib b dark-gray f4 lh-copy tl w-100 pv3">Brand</div><i aria-hidden="true" class="ld ld-ChevronDown pa0 black" role="img" style="font-size:1rem;vertical-align:-0.175em;width:1rem;height:1rem;box-sizing:content-box"></i></button></div></div><hr aria-hidden="true" class="w_8Gn9"/></section><section class="expand-collapse-section"><div class="nl3 nr3 relative" data-testid="expand-section-Fulfillment Speed"><div class="ma0 f4"><button aria-expanded="false" class="bg-white bw0 flex items-center justify-between ph3 pointer sans-serif w-100" type="button"><div class="dib b dark-gray f4 lh-copy tl w-100 pv3">Fulfillment Speed</div><i aria-hidden="true" class="ld ld-ChevronDown pa0 black" role="img" style="font-size:1rem;vertical-align:-0.175em;width:1rem;height:1rem;box-sizing:content-box"></i></button></div></div><hr aria-hidden="true" class="w_8Gn9"/></section><section class="expand-collapse-section"><div class="nl3 nr3 relative" data-testid="expand-section-Subscription"><div class="ma0 f4"><button aria-expanded="false" class="bg-white bw0 flex items-center justify-between ph3 pointer sans-serif w-100" type="button"><div class="dib b dark-gray f4 lh-copy tl w-100 pv3">Subscription</div><i aria-hidden="true" class="ld ld-ChevronDown pa0 black" role="img" style="font-size:1rem;vertical-align:-0.175em;width:1rem;height:1rem;box-sizing:content-box"></i></button></div></div><hr aria-hidden="true" class="w_8Gn9"/></section><section class="expand-collapse-section"><div class="nl3 nr3 relative" data-testid="expand-section-Availability"><div class="ma0 f4"><button aria-expanded="false" class="bg-white bw0 flex items-center justify-between ph3 pointer sans-serif w-100" type="button"><div class="dib b dark-gray f4 lh-copy tl w-100 pv3">Availability</div><i aria-hidden="true" class="ld ld-ChevronDown pa0 black" role="img" style="font-size:1rem;vertical-align:-0.175em;width:1rem;height:1rem;box-sizing:content-box"></i></button></div></div><hr aria-hidden="true" class="w_8Gn9"/></section><section class="expand-collapse-section"><div class="nl3 nr3 relative" data-testid="expand-section-Walmart Cash Offers"><div class="ma0 f4"><button aria-expanded="false" class="bg-white bw0 flex items-center justify-between ph3 pointer sans-serif w-100" type="button"><div class="dib b dark-gray f4 lh-copy tl w-100 pv3">Walmart Cash Offers</div><i aria-hidden="true" class="ld ld-ChevronDown pa0 black" role="img" style="font-size:1rem;vertical-align:-0.175em;width:1rem;height:1rem;box-sizing:content-box"></i></button></div></div><hr aria-hidden="true" class="w_8Gn9"/></section><section class="expand-collapse-section"><div class="nl3 nr3 relative" data-testid="expand-section-Milk Type"><div class="ma0 f4"><button aria-expanded="false" class="bg-white bw0 flex items-center justify-between ph3 pointer sans-serif w-100" type="button"><div class="dib b dark-gray f4 lh-copy tl w-100 pv3">Milk Type</div><i aria-hidden="true" class="ld ld-ChevronDown pa0 black" role="img" style="font-size:1rem;vertical-align:-0.175em;width:1rem;height:1rem;box-sizing:content-box"></i></button></div></div><hr aria-hidden="true" class="w_8Gn9"/></section><section class="expand-collapse-section"><div class="nl3 nr3 relative" data-testid="expand-section-Flavor"><div class="ma0 f4"><button aria-expanded="false" class="bg-white bw0 flex items-center justify-between ph3 pointer sans-serif w-100" type="button"><div class="dib b dark-gray f4 lh-copy tl w-100 pv3">Flavor</div><i aria-hidden="true" class="ld ld-ChevronDown pa0 black" role="img" style="font-size:1rem;vertical-align:-0.175em;width:1rem;height:1rem;box-sizing:content-box"></i></button></div></div><hr aria-hidden="true" class="w_8Gn9"/></section><section class="expand-collapse-section"><div class="nl3 nr3 relative" data-testid="expand-section-Nutritional Content"><div class="ma0 f4"><button aria-expanded="false" class="bg-white bw0 flex items-center justify-between ph3 pointer sans-serif w-100" type="button"><div class="dib b dark-gray f4 lh-copy tl w-100 pv3">Nutritional Content</div><i aria-hidden="true" class="ld ld-ChevronDown pa0 black" role="img" style="font-size:1rem;vertical-align:-0.175em;width:1rem;height:1rem;box-sizing:content-box"></i></button></div></div><hr aria-hidden="true" class="w_8Gn9"/></section><section class="expand-collapse-section"><div class="nl3 nr3 relative" data-testid="expand-section-Special Diet Needs"><div class="ma0 f4"><button aria-expanded="false" class="bg-white bw0 flex items-center justify-between ph3 pointer sans-serif w-100" type="button"><div class="dib b dark-gray f4 lh-copy tl w-100 pv3">Special Diet Needs</div><i aria-hidden="true" class="ld ld-ChevronDown pa0 black" role="img" style="font-size:1rem;vertical-align:-0.175em;width:1rem;height:1rem;box-sizing:content-box"></i></button></div></div><hr aria-hidden="true" class="w_8Gn9"/></section><section class="expand-collapse-section"><div class="nl3 nr3 relative" data-testid="expand-section-Form"><div class="ma0 f4"><button aria-expanded="false" class="bg-white bw0 flex items-center justify-between ph3 pointer sans-serif w-100" type="button"><div class="dib b dark-gray f4 lh-copy tl w-100 pv3">Form</div><i aria-hidden="true" class="ld ld-ChevronDown pa0 black" role="img" style="font-size:1rem;vertical-align:-0.175em;width:1rem;height:1rem;box-sizing:content-box"></i></button></div></div><hr aria-hidden="true" class="w_8Gn9"/></section><section class="expand-collapse-section"><div class="nl3 nr3 relative" data-testid="expand-section-Special Offers"><div class="ma0 f4"><button aria-expanded="false" class="bg-white bw0 flex items-center justify-between ph3 pointer sans-serif w-100" type="button"><div class="dib b dark-gray f4 lh-copy tl w-100 pv3">Special Offers</div><i aria-hidden="true" class="ld ld-ChevronDown pa0 black" role="img" style="font-size:1rem;vertical-align:-0.175em;width:1rem;height:1rem;box-sizing:content-box"></i></button></div></div><hr aria-hidden="true" class="w_8Gn9"/></section><section class="expand-collapse-section"><div class="nl3 nr3 relative" data-testid="expand-section-Customer Rating"><div class="ma0 f4"><button aria-expanded="false" class="bg-white bw0 flex items-center justify-between ph3 pointer sans-serif w-100" type="button"><div class="dib b dark-gray f4 lh-copy tl w-100 pv3">Customer Rating</div><i aria-hidden="true" class="ld ld-ChevronDown pa0 black" role="img" style="font-size:1rem;vertical-align:-0.175em;width:1rem;height:1rem;box-sizing:content-box"></i></button></div></div><hr aria-hidden="true" class="w_8Gn9"/></section><section class="expand-collapse-section"><div class="nl3 nr3 relative" data-testid="expand-section-Retailer"><div class="ma0 f4"><button aria-expanded="false" class="bg-white bw0 flex items-center justify-between ph3 pointer sans-serif w-100" type="button"><div class="dib b dark-gray f4 lh-copy tl w-100 pv3">Retailer</div><i aria-hidden="true" class="ld ld-ChevronDown pa0 black" role="img" style="font-size:1rem;vertical-align:-0.175em;width:1rem;height:1rem;box-sizing:content-box"></i></button></div></div><hr aria-hidden="true" class="w_8Gn9"/></section><section class="expand-collapse-section"><div class="nl3 nr3 relative" data-testid="expand-section-Gifting"><div class="ma0 f4"><button aria-expanded="false" class="bg-white bw0 flex items-center justify-between ph3 pointer sans-serif w-100" type="button"><div class="dib b dark-gray f4 lh-copy tl w-100 pv3">Gifting</div><i aria-hidden="true" class="ld ld-ChevronDown pa0 black" role="img" style="font-size:1rem;vertical-align:-0.175em;width:1rem;height:1rem;box-sizing:content-box"></i></button></div></div><hr aria-hidden="true" class="w_8Gn9"/></section><section class="expand-collapse-section"><div class="nl3 nr3 relative" data-testid="expand-section-Benefit Programs"><div class="ma0 f4"><button aria-expanded="false" class="bg-white bw0 flex items-center justify-between ph3 pointer sans-serif w-100" type="button"><div class="dib b dark-gray f4 lh-copy tl w-100 pv3">Benefit Programs</div><i aria-hidden="true" class="ld ld-ChevronDown pa0 black" role="img" style="font-size:1rem;vertical-align:-0.175em;width:1rem;height:1rem;box-sizing:content-box"></i></button></div></div><hr aria-hidden="true" class="w_8Gn9"/></section></div></section></div><div class="relative w-80"><div class="flex flex-column justify-center" data-stack-index="0" id="0" tabindex="-1"><div class="flex flex-row flex-shrink-0" id="results-container"><div class="flex flex-column"><section style="flex:1"><div><div class=""><div><div class="inline-flex mr1 db mv3 ml3 ml4-xl"><h2 class="f4 f3-m lh-title ma0 di" style="color:undefined">Results for "cheese"<span class="f6 f5-m fw3 ml1 mt1-xl gray normal self-center">(1000+)</span></h2></div></div></div></div></section></div><div></div></div><div class="flex flex-row items-center flex-shrink-0 ml3 ml4-xl"><span class="dark-gray">Uses external data. Price when purchased online</span><button aria-label="legal information" class="w_hhLG w_DZvO w_0_LY bg-white b--none pointer pa0 no-underline h1 ml2" type="button"><i class="ld ld-InfoCircle dark-gray" style="font-size:1rem;vertical-align:-0.175em;width:1rem;height:1rem;box-sizing:content-box"></i></button></div><section><div class="flex flex-wrap w-100 flex-grow-0 flex-shrink-0 ph2 pr0-xl pl4-xl mt0-xl" data-testid="item-stack"><div class="mb0 ph0-xl pt0-xl bb b--near-white w-25 pb3-m ph1"><div class="h-100 pr4-xl pt3" io-id="7624PCBJCVVK" style="contain-intrinsic-size:198px 340px"><div class="sans-serif mid-gray relative flex flex-column w-100 hide-child-opacity" data-item-id="7624PCBJCVVK" role="group"><a class="w-100 h-100 z-1 hide-sibling-opacity absolute" href="https://www.walmart.com/sp/track?bt=1&amp;eventST=click&amp;plmt=sp-search-middle~desktop~&amp;pos=1&amp;tax=976759_9176907_1001468_4800400&amp;rdf=1&amp;rd=https%3A%2F%2Fwww.walmart.com%2Fip%2FPRIMA-DONNA-GOUDA-WEDGE-MATURO-5-3OZ-10-CS%2F5907000512%3FclassType%3DREGULAR%26adsRedirect%3Dtrue&amp;adUid=6637d0d3-798d-45f2-bbf3-e039cb0f7a20&amp;mloc=sp-search-middle&amp;pltfm=desktop&amp;pgId=cheese&amp;pt=search&amp;spQs=X_Yjm4lpbjbWUsALEt0k6t0sJ0TNu5_IRgvzu1goLhvxsAjtQBoYLGE5-V6d79YXAb0YSIrKvPVq-uGWa5pb-JHKrOacVQ9kEZdY9evO3lqqkPH41CKTtbS2Dusd4pvI1grGHdNx-9S083_kIsuHoj6QyVe1colEyReiINbSXzNgT8s80nCz8VxfjlY0RK3UW_t9FXcBoWuBGXLX_pszeZHWAUfZc1ys-9jqLNTtDud6EoSlkm_LeE-ZQuql-Fj1b6fOI22j5pRBlbcoqeNDeP9CW0sfUJZnqA0mzTgxc4I&amp;storeId=3795&amp;specificity=broad&amp;specificityScore=0.16032135&amp;couponState=na&amp;bkt=ace1_default%7Cace2_default%7Cace3_11293%7Cbb_11237%7Ccoldstart_on%7Csearch_Inhouse_ANN_Launch_Web&amp;classType=REGULAR" link-identifier="5907000512" target=""><span class="w_iUH7">Prima Donna® Maturo Aged Gouda Cheese Wedge, 5.3 oz<!-- --> </span></a><div class="" data-testid="list-view"><div class=""><div class=""><div class="relative"><div class="relative overflow-hidden" style="max-width:290px;height:0;padding-bottom:min(290px, 100%);align-self:center;width:min(290px, 100%)"><span><button aria-label="Sign in to add to Favorites list, Prima Donna® Maturo Aged Gouda Cheese Wedge, 5.3 oz" class="bg-white pointer pa0 black bn mt1 mr1 pa1 br4 absolute top-0 right-0 z-2" data-automation-id="heart-item" style="width: 32px; height: 32px;" type="button"><i aria-hidden="true" class="ld ld-Heart" style="font-size: 1.5rem; vertical-align: -0.25em; padding-top: 1px; width: 1.5rem; height: 1.5rem; box-sizing: content-box;"></i></button></span><img alt="Prima Donna® Maturo Aged Gouda Cheese Wedge, 5.3 oz" class="absolute top-0 left-0" data-testid="productTileImage" height="" id="is-0-productImage-0" loading="eager" src="https://i5.walmartimages.com/seo/Prima-Donna-Maturo-Aged-Gouda-Cheese-Wedge-5-3-oz_29dc0170-4581-4f7f-bf16-2352c1a5eb95.28265cccba22c737cade65b0a6fd3753.jpeg?odnHeight=580&amp;odnWidth=580&amp;odnBg=FFFFFF" width=""/></div><div class="z-2 relative mt3"><div class="relative dib flex-row-reverse" data-id="7624PCBJCVVK"><button aria-label="Add to cart - Prima Donna® Maturo Aged Gouda Cheese Wedge, 5.3 oz" class="w_hhLG w_8nsR w_jDfj pointer bn sans-serif b ph2 flex items-center justify-center w-auto shadow-1" data-automation-id="add-to-cart" data-pcss-hide="true" type="button"><i class="ld ld-Plus" style="font-size:1.5rem;vertical-align:-0.25em;width:1.5rem;height:1.5rem;box-sizing:content-box" title="add to cart"></i><span class="mr2">Add</span></button></div></div></div><div class="mt2 mb1" data-testid="variant-7624PCBJCVVK" style="height:24px"><div class="flex items-center lh-title h2-l normal"><div class="gray f7 flex items-center"><div>Sponsored</div><div class="z-2"><button aria-label="Ad disclaimer and feedback" class="w_hhLG w_DZvO w_0_LY pointer pl1 no-underline pt3 pb3" title="Ad disclaimer and feedback" type="button"><i class="ld ld-InfoCircle" style="font-size:1rem;vertical-align:-0.175em;width:1rem;height:1rem;box-sizing:content-box"></i></button></div></div></div></div></div><div class=""><div class="flex flex-wrap justify-start items-center lh-title mb1" data-automation-id="product-price"><div aria-hidden="true" class="mr1 mr2-xl b black lh-solid f5 f4-l"><span class="f3"></span><span class="f6 f5-l" style="vertical-align:0.65ex;margin-right:2px">$</span><span class="f2">5</span><span class="f6 f5-l" style="vertical-align:0.75ex">24</span></div><span class="w_iUH7">current price $5.24</span><div class="gray mr1 f6 f5-l flex items-end mt1">$15.82/lb</div></div><span class="w_V_DM" style="-webkit-line-clamp: 3; padding-bottom: 0.1em; margin-bottom: -0.1em;"><span class="normal dark-gray mb0 mt1 lh-title f6 f5-l lh-copy" data-automation-id="product-title">Prima Donna® Maturo Aged Gouda Cheese Wedge, 5.3 oz</span></span><div class="flex items-center mt2"><div class="w_ExHd w_y6ym mr1"><svg class="w_D5ag w_6H0I w_1jp4" viewbox="0 0 22 22" xmlns="http://www.w3.org/2000/svg"><path d="m13.562 7.028.17.354.387.062 6.226.999c.011.002.029.008.047.034.018.026.03.063.023.106a.133.133 0 0 1-.034.073l-4.476 4.64-.274.284.079.387 1.321 6.467c.009.042 0 .08-.017.109-.018.028-.036.036-.049.04a.04.04 0 0 1-.014 0 .05.05 0 0 1-.017-.006l-5.926-3.032-.341-.175-.342.175-5.926 3.032a.046.046 0 0 1-.02.006c-.004 0-.01 0-.017-.003-.013-.004-.034-.017-.05-.05a.155.155 0 0 1-.01-.096l1.322-6.467.079-.387-.274-.284-4.477-4.64a.136.136 0 0 1-.035-.095c0-.042.014-.075.034-.096a.067.067 0 0 1 .037-.022l6.226-.999.388-.062.17-.354 2.83-5.892c.016-.033.037-.045.05-.05a.045.045 0 0 1 .018-.003c.004 0 .01.002.02.007a.1.1 0 0 1 .04.046l2.832 5.892Z"></path></svg><svg class="w_D5ag w_6H0I w_1jp4" viewbox="0 0 22 22" xmlns="http://www.w3.org/2000/svg"><path d="m13.562 7.028.17.354.387.062 6.226.999c.011.002.029.008.047.034.018.026.03.063.023.106a.133.133 0 0 1-.034.073l-4.476 4.64-.274.284.079.387 1.321 6.467c.009.042 0 .08-.017.109-.018.028-.036.036-.049.04a.04.04 0 0 1-.014 0 .05.05 0 0 1-.017-.006l-5.926-3.032-.341-.175-.342.175-5.926 3.032a.046.046 0 0 1-.02.006c-.004 0-.01 0-.017-.003-.013-.004-.034-.017-.05-.05a.155.155 0 0 1-.01-.096l1.322-6.467.079-.387-.274-.284-4.477-4.64a.136.136 0 0 1-.035-.095c0-.042.014-.075.034-.096a.067.067 0 0 1 .037-.022l6.226-.999.388-.062.17-.354 2.83-5.892c.016-.033.037-.045.05-.05a.045.045 0 0 1 .018-.003c.004 0 .01.002.02.007a.1.1 0 0 1 .04.046l2.832 5.892Z"></path></svg><svg class="w_D5ag w_6H0I w_1jp4" viewbox="0 0 22 22" xmlns="http://www.w3.org/2000/svg"><path d="m13.562 7.028.17.354.387.062 6.226.999c.011.002.029.008.047.034.018.026.03.063.023.106a.133.133 0 0 1-.034.073l-4.476 4.64-.274.284.079.387 1.321 6.467c.009.042 0 .08-.017.109-.018.028-.036.036-.049.04a.04.04 0 0 1-.014 0 .05.05 0 0 1-.017-.006l-5.926-3.032-.341-.175-.342.175-5.926 3.032a.046.046 0 0 1-.02.006c-.004 0-.01 0-.017-.003-.013-.004-.034-.017-.05-.05a.155.155 0 0 1-.01-.096l1.322-6.467.079-.387-.274-.284-4.477-4.64a.136.136 0 0 1-.035-.095c0-.042.014-.075.034-.096a.067.067 0 0 1 .037-.022l6.226-.999.388-.062.17-.354 2.83-5.892c.016-.033.037-.045.05-.05a.045.045 0 0 1 .018-.003c.004 0 .01.002.02.007a.1.1 0 0 1 .04.046l2.832 5.892Z"></path></svg><svg class="w_D5ag w_6H0I w_1jp4" viewbox="0 0 22 22" xmlns="http://www.w3.org/2000/svg"><path d="m13.562 7.028.17.354.387.062 6.226.999c.011.002.029.008.047.034.018.026.03.063.023.106a.133.133 0 0 1-.034.073l-4.476 4.64-.274.284.079.387 1.321 6.467c.009.042 0 .08-.017.109-.018.028-.036.036-.049.04a.04.04 0 0 1-.014 0 .05.05 0 0 1-.017-.006l-5.926-3.032-.341-.175-.342.175-5.926 3.032a.046.046 0 0 1-.02.006c-.004 0-.01 0-.017-.003-.013-.004-.034-.017-.05-.05a.155.155 0 0 1-.01-.096l1.322-6.467.079-.387-.274-.284-4.477-4.64a.136.136 0 0 1-.035-.095c0-.042.014-.075.034-.096a.067.067 0 0 1 .037-.022l6.226-.999.388-.062.17-.354 2.83-5.892c.016-.033.037-.045.05-.05a.045.045 0 0 1 .018-.003c.004 0 .01.002.02.007a.1.1 0 0 1 .04.046l2.832 5.892Z"></path></svg><svg class="w_D5ag w_6H0I w_HGbC" viewbox="0 0 22 22" xmlns="http://www.w3.org/2000/svg"><path class="w_sX0E" d="M11 2.174a.825.825 0 0 0-.74.478L8.375 7.424l-5.662.628a.816.816 0 0 0-.463.247c-.322.34-.32.89.006 1.227l3.494 4.023-1.174 6.039a.905.905 0 0 0 .066.562c.2.43.697.61 1.108.399l5.25-3.5V2.174Z"></path><path class="w_eDrS" d="M11 2.002v15.5M13.895 7.082l.17.354.387.062 6.226.999c.011.001.03.008.047.034.018.026.03.063.023.106a.133.133 0 0 1-.034.073l-4.476 4.64-.274.284.08.387 1.32 6.467a.15.15 0 0 1-.017.109c-.017.027-.036.036-.048.039a.04.04 0 0 1-.015 0 .05.05 0 0 1-.017-.005L11.342 17.6 11 17.424l-.342.175-5.925 3.032a.046.046 0 0 1-.02.006c-.005 0-.01 0-.018-.003-.013-.005-.034-.017-.05-.05a.155.155 0 0 1-.01-.096l1.322-6.467.079-.387-.274-.284-4.477-4.64a.136.136 0 0 1-.035-.096c0-.041.015-.074.035-.095a.067.067 0 0 1 .037-.022l6.226-.999.387-.062.17-.354 2.831-5.892c.016-.033.036-.045.05-.05a.045.045 0 0 1 .017-.003c.004 0 .01.002.02.007a.1.1 0 0 1 .041.046l2.83 5.892Z"></path></svg></div><span aria-hidden="true" class="sans-serif gray f7" data-testid="product-reviews" data-value="48">48</span><span class="w_iUH7">4.4 out of 5 Stars. 48 reviews</span></div><div class="mt2"><img alt="ebt" aria-hidden="true" class="v-mid pb1 mr2" height="20" loading="lazy" src="//i5.walmartimages.com/dfw/63fd9f59-2845/2044d79e-92d5-4c08-90a2-0480444a877f/v1/EBT-Logo.svg" width="30"/><span class="gray f6-l f5-m">EBT eligible</span></div><div></div><div class="mt2" data-automation-id="fulfillment-badge"><div class="f7 flex self-baseline dark-gray"><div>Pickup <span class="b">today</span></div></div></div></div></div></div></div></div></div><div class="mb0 ph0-xl pt0-xl bb b--near-white w-25 pb3-m ph1"><div class="h-100 pr4-xl pt3" io-id="6X7ION20RG6H" style="contain-intrinsic-size:198px 340px"><div class="sans-serif mid-gray relative flex flex-column w-100 hide-child-opacity" data-item-id="6X7ION20RG6H" role="group"><a class="w-100 h-100 z-1 hide-sibling-opacity absolute" href="https://www.walmart.com/sp/track?bt=1&amp;eventST=click&amp;plmt=sp-search-middle~desktop~&amp;pos=2&amp;tax=976759_9176907_1001468_4800400&amp;rdf=1&amp;rd=https%3A%2F%2Fwww.walmart.com%2Fip%2FFormaggio-Cheese-Refrigerated-Marinated-Mozzarella-Balls-in-Pesto-12-oz-Tub%2F2150641380%3FclassType%3DREGULAR%26adsRedirect%3Dtrue&amp;adUid=6637d0d3-798d-45f2-bbf3-e039cb0f7a20&amp;mloc=sp-search-middle&amp;pltfm=desktop&amp;pgId=cheese&amp;pt=search&amp;spQs=po89DZA4ep8srFqDomalmAhXCGu8ug8O_lQY78Yx6-2tdtx0FID492gZ2B-jzivcH6yKfyXdWWB0ufH2hLmwPJHKrOacVQ9kEZdY9evO3lo8ykQiXKKyQ1520vxlLmveJQxJk5GXbGhTGJ7tq6tFVdObYyFPee4cCCGBWOIOzaM9x652MBc81evgJdMVo03kW0yQtNRKRsPp5rt4uxKesJFqf-qBavNj05T1Nq2pNehuz7Dbb20UOTH0NIaeZOxr&amp;storeId=3795&amp;specificity=broad&amp;specificityScore=0.16032135&amp;couponState=na&amp;bkt=ace1_default%7Cace2_default%7Cace3_11293%7Cbb_11237%7Ccoldstart_on%7Csearch_Inhouse_ANN_Launch_Web&amp;classType=REGULAR" link-identifier="2150641380" target=""><span class="w_iUH7">Formaggio Cheese Refrigerated Marinated Mozzarella Balls in Pesto, 12 oz Tub<!-- --> </span></a><div class="" data-testid="list-view"><div class=""><div class=""><div class="relative"><div class="relative overflow-hidden" style="max-width:290px;height:0;padding-bottom:min(290px, 100%);align-self:center;width:min(290px, 100%)"><span><button aria-label="Sign in to add to Favorites list, Formaggio Cheese Refrigerated Marinated Mozzarella Balls in Pesto, 12 oz Tub" class="bg-white pointer pa0 black bn mt1 mr1 pa1 br4 absolute top-0 right-0 z-2" data-automation-id="heart-item" style="width: 32px; height: 32px;" type="button"><i aria-hidden="true" class="ld ld-Heart" style="font-size: 1.5rem; vertical-align: -0.25em; padding-top: 1px; width: 1.5rem; height: 1.5rem; box-sizing: content-box;"></i></button></span><img alt="Formaggio Cheese Refrigerated Marinated Mozzarella Balls in Pesto, 12 oz Tub" class="absolute top-0 left-0" data-testid="productTileImage" height="" id="is-0-productImage-1" loading="eager" src="https://i5.walmartimages.com/seo/Formaggio-Cheese-Refrigerated-Marinated-Mozzarella-Balls-in-Pesto-12-oz-Tub_57756652-6cde-46ee-802f-da57efe30140.3d34d51b6f826db671f92130fc182366.jpeg?odnHeight=580&amp;odnWidth=580&amp;odnBg=FFFFFF" width=""/></div><div class="z-2 relative mt3"><div class="relative dib flex-row-reverse" data-id="6X7ION20RG6H"><button aria-label="Add to cart - Formaggio Cheese Refrigerated Marinated Mozzarella Balls in Pesto, 12 oz Tub" class="w_hhLG w_8nsR w_jDfj pointer bn sans-serif b ph2 flex items-center justify-center w-auto shadow-1" data-automation-id="add-to-cart" data-pcss-hide="true" type="button"><i class="ld ld-Plus" style="font-size:1.5rem;vertical-align:-0.25em;width:1.5rem;height:1.5rem;box-sizing:content-box" title="add to cart"></i><span class="mr2">Add</span></button></div></div></div><div class="mt2 mb1" data-testid="variant-6X7ION20RG6H" style="height:24px"><div class="flex items-center lh-title h2-l normal"><div class="gray f7 flex items-center"><div>Sponsored</div><div class="z-2"><button aria-label="Ad disclaimer and feedback" class="w_hhLG w_DZvO w_0_LY pointer pl1 no-underline pt3 pb3" title="Ad disclaimer and feedback" type="button"><i class="ld ld-InfoCircle" style="font-size:1rem;vertical-align:-0.175em;width:1rem;height:1rem;box-sizing:content-box"></i></button></div></div></div></div></div><div class=""><div class="flex flex-wrap justify-start items-center lh-title mb1" data-automation-id="product-price"><div aria-hidden="true" class="mr1 mr2-xl b black lh-solid f5 f4-l"><span class="f3"></span><span class="f6 f5-l" style="vertical-align:0.65ex;margin-right:2px">$</span><span class="f2">5</span><span class="f6 f5-l" style="vertical-align:0.75ex">98</span></div><span class="w_iUH7">current price $5.98</span><div class="gray mr1 f6 f5-l flex items-end mt1">$7.97/lb</div></div><span class="w_V_DM" style="-webkit-line-clamp: 3; padding-bottom: 0.1em; margin-bottom: -0.1em;"><span class="normal dark-gray mb0 mt1 lh-title f6 f5-l lh-copy" data-automation-id="product-title">Formaggio Cheese Refrigerated Marinated Mozzarella Balls in Pesto, 12 oz Tub</span></span><div class="flex items-center mt2"><div class="w_ExHd w_y6ym mr1"><svg class="w_D5ag w_6H0I w_1jp4" viewbox="0 0 22 22" xmlns="http://www.w3.org/2000/svg"><path d="m13.562 7.028.17.354.387.062 6.226.999c.011.002.029.008.047.034.018.026.03.063.023.106a.133.133 0 0 1-.034.073l-4.476 4.64-.274.284.079.387 1.321 6.467c.009.042 0 .08-.017.109-.018.028-.036.036-.049.04a.04.04 0 0 1-.014 0 .05.05 0 0 1-.017-.006l-5.926-3.032-.341-.175-.342.175-5.926 3.032a.046.046 0 0 1-.02.006c-.004 0-.01 0-.017-.003-.013-.004-.034-.017-.05-.05a.155.155 0 0 1-.01-.096l1.322-6.467.079-.387-.274-.284-4.477-4.64a.136.136 0 0 1-.035-.095c0-.042.014-.075.034-.096a.067.067 0 0 1 .037-.022l6.226-.999.388-.062.17-.354 2.83-5.892c.016-.033.037-.045.05-.05a.045.045 0 0 1 .018-.003c.004 0 .01.002.02.007a.1.1 0 0 1 .04.046l2.832 5.892Z"></path></svg><svg class="w_D5ag w_6H0I w_1jp4" viewbox="0 0 22 22" xmlns="http://www.w3.org/2000/svg"><path d="m13.562 7.028.17.354.387.062 6.226.999c.011.002.029.008.047.034.018.026.03.063.023.106a.133.133 0 0 1-.034.073l-4.476 4.64-.274.284.079.387 1.321 6.467c.009.042 0 .08-.017.109-.018.028-.036.036-.049.04a.04.04 0 0 1-.014 0 .05.05 0 0 1-.017-.006l-5.926-3.032-.341-.175-.342.175-5.926 3.032a.046.046 0 0 1-.02.006c-.004 0-.01 0-.017-.003-.013-.004-.034-.017-.05-.05a.155.155 0 0 1-.01-.096l1.322-6.467.079-.387-.274-.284-4.477-4.64a.136.136 0 0 1-.035-.095c0-.042.014-.075.034-.096a.067.067 0 0 1 .037-.022l6.226-.999.388-.062.17-.354 2.83-5.892c.016-.033.037-.045.05-.05a.045.045 0 0 1 .018-.003c.004 0 .01.002.02.007a.1.1 0 0 1 .04.046l2.832 5.892Z"></path></svg><svg class="w_D5ag w_6H0I w_1jp4" viewbox="0 0 22 22" xmlns="http://www.w3.org/2000/svg"><path d="m13.562 7.028.17.354.387.062 6.226.999c.011.002.029.008.047.034.018.026.03.063.023.106a.133.133 0 0 1-.034.073l-4.476 4.64-.274.284.079.387 1.321 6.467c.009.042 0 .08-.017.109-.018.028-.036.036-.049.04a.04.04 0 0 1-.014 0 .05.05 0 0 1-.017-.006l-5.926-3.032-.341-.175-.342.175-5.926 3.032a.046.046 0 0 1-.02.006c-.004 0-.01 0-.017-.003-.013-.004-.034-.017-.05-.05a.155.155 0 0 1-.01-.096l1.322-6.467.079-.387-.274-.284-4.477-4.64a.136.136 0 0 1-.035-.095c0-.042.014-.075.034-.096a.067.067 0 0 1 .037-.022l6.226-.999.388-.062.17-.354 2.83-5.892c.016-.033.037-.045.05-.05a.045.045 0 0 1 .018-.003c.004 0 .01.002.02.007a.1.1 0 0 1 .04.046l2.832 5.892Z"></path></svg><svg class="w_D5ag w_6H0I w_1jp4" viewbox="0 0 22 22" xmlns="http://www.w3.org/2000/svg"><path d="m13.562 7.028.17.354.387.062 6.226.999c.011.002.029.008.047.034.018.026.03.063.023.106a.133.133 0 0 1-.034.073l-4.476 4.64-.274.284.079.387 1.321 6.467c.009.042 0 .08-.017.109-.018.028-.036.036-.049.04a.04.04 0 0 1-.014 0 .05.05 0 0 1-.017-.006l-5.926-3.032-.341-.175-.342.175-5.926 3.032a.046.046 0 0 1-.02.006c-.004 0-.01 0-.017-.003-.013-.004-.034-.017-.05-.05a.155.155 0 0 1-.01-.096l1.322-6.467.079-.387-.274-.284-4.477-4.64a.136.136 0 0 1-.035-.095c0-.042.014-.075.034-.096a.067.067 0 0 1 .037-.022l6.226-.999.388-.062.17-.354 2.83-5.892c.016-.033.037-.045.05-.05a.045.045 0 0 1 .018-.003c.004 0 .01.002.02.007a.1.1 0 0 1 .04.046l2.832 5.892Z"></path></svg><svg class="w_D5ag w_6H0I w_eDrS" viewbox="0 0 22 22" xmlns="http://www.w3.org/2000/svg"><path d="m13.562 7.028.17.354.387.062 6.226.999c.011.002.029.008.047.034.018.026.03.063.023.106a.133.133 0 0 1-.034.073l-4.476 4.64-.274.284.079.387 1.321 6.467c.009.042 0 .08-.017.109-.018.028-.036.036-.049.04a.04.04 0 0 1-.014 0 .05.05 0 0 1-.017-.006l-5.926-3.032-.341-.175-.342.175-5.926 3.032a.046.046 0 0 1-.02.006c-.004 0-.01 0-.017-.003-.013-.004-.034-.017-.05-.05a.155.155 0 0 1-.01-.096l1.322-6.467.079-.387-.274-.284-4.477-4.64a.136.136 0 0 1-.035-.095c0-.042.014-.075.034-.096a.067.067 0 0 1 .037-.022l6.226-.999.388-.062.17-.354 2.83-5.892c.016-.033.037-.045.05-.05a.045.045 0 0 1 .018-.003c.004 0 .01.002.02.007a.1.1 0 0 1 .04.046l2.832 5.892Z"></path></svg></div><span aria-hidden="true" class="sans-serif gray f7" data-testid="product-reviews" data-value="10">10</span><span class="w_iUH7">3.8 out of 5 Stars. 10 reviews</span></div><div class="mt2"><img alt="ebt" aria-hidden="true" class="v-mid pb1 mr2" height="20" loading="lazy" src="//i5.walmartimages.com/dfw/63fd9f59-2845/2044d79e-92d5-4c08-90a2-0480444a877f/v1/EBT-Logo.svg" width="30"/><span class="gray f6-l f5-m">EBT eligible</span></div><div></div><div class="mt2" data-automation-id="fulfillment-badge"><div class="f7 flex self-baseline dark-gray"><div>Pickup <span class="b">today</span></div></div></div></div></div></div></div></div></div><div class="mb0 ph0-xl pt0-xl bb b--near-white w-25 pb3-m ph1"><div class="h-100 pr4-xl pt3" io-id="6CX6IMACO8FB" style="contain-intrinsic-size:198px 340px"><div class="sans-serif mid-gray relative flex flex-column w-100 hide-child-opacity" data-item-id="6CX6IMACO8FB" role="group"><a class="w-100 h-100 z-1 hide-sibling-opacity absolute" href="https://www.walmart.com/sp/track?bt=1&amp;eventST=click&amp;plmt=sp-search-middle~desktop~&amp;pos=3&amp;tax=976759_9176907_1001468_4800400&amp;rdf=1&amp;rd=https%3A%2F%2Fwww.walmart.com%2Fip%2FLand-O-Lakes-White-American-Cheese-Sliced-Fresh-Plastic-Bag%2F289679400%3FclassType%3DREGULAR%26adsRedirect%3Dtrue&amp;adUid=6637d0d3-798d-45f2-bbf3-e039cb0f7a20&amp;mloc=sp-search-middle&amp;pltfm=desktop&amp;pgId=cheese&amp;pt=search&amp;spQs=8izd_PE1Z2o2EXoDuXJ5DGx-OkUpY-BT9Kp4-1YbiqNhmWrSLeBw4X7tkZ0nkAtrCfUVBio9ciLJ8zkGR1O6RpHKrOacVQ9kEZdY9evO3loVFcA71ckC3zllCdAfdRdoCkfn9nZiYlt_vSseryjagmmThwBFBiOzCljezj05BFpbviBKob2qTlClgkn9kJF9EA-q_C7B-wo0UBD9LUHuyRTS8OLE8IuCB-D1T3ShcwvUbNQcqqoGglTuMh92vLyXZOVKVN7iZqSiPWzY2i5thOqeUkuzemiGjAkJEVPvpWU&amp;storeId=3795&amp;specificity=broad&amp;specificityScore=0.16032135&amp;couponState=na&amp;bkt=ace1_default%7Cace2_default%7Cace3_11293%7Cbb_11237%7Ccoldstart_on%7Csearch_Inhouse_ANN_Launch_Web&amp;classType=REGULAR" link-identifier="289679400" target=""><span class="w_iUH7">Land O Lakes White American Cheese, Sliced (Fresh, Plastic Bag)<!-- --> </span></a><div class="" data-testid="list-view"><div class=""><div class=""><div class="relative"><div class="relative overflow-hidden" style="max-width:290px;height:0;padding-bottom:min(290px, 100%);align-self:center;width:min(290px, 100%)"><span><button aria-label="Sign in to add to Favorites list, Land O Lakes White American Cheese, Sliced (Fresh, Plastic Bag)" class="bg-white pointer pa0 black bn mt1 mr1 pa1 br4 absolute top-0 right-0 z-2" data-automation-id="heart-item" style="width: 32px; height: 32px;" type="button"><i aria-hidden="true" class="ld ld-Heart" style="font-size: 1.5rem; vertical-align: -0.25em; padding-top: 1px; width: 1.5rem; height: 1.5rem; box-sizing: content-box;"></i></button></span><img alt="Land O Lakes White American Cheese, Sliced (Fresh, Plastic Bag)" class="absolute top-0 left-0" data-testid="productTileImage" height="" id="is-0-productImage-2" loading="eager" src="https://i5.walmartimages.com/seo/Land-O-Lakes-White-American-Cheese-Sliced-Fresh-Plastic-Bag_f00fd0f0-6a4c-4161-bafe-01719feee6a2.a6f1148205d2076961f4a2e010d019dd.jpeg?odnHeight=580&amp;odnWidth=580&amp;odnBg=FFFFFF" width=""/></div><div class="z-2 relative mt3"><div class="relative dib flex-row-reverse" data-id="6CX6IMACO8FB"><button aria-label="Add to cart - Land O Lakes White American Cheese, Sliced (Fresh, Plastic Bag)" class="w_hhLG w_8nsR w_jDfj pointer bn sans-serif b ph2 flex items-center justify-center w-auto shadow-1" data-automation-id="add-to-cart" data-pcss-hide="true" type="button"><i class="ld ld-Plus" style="font-size:1.5rem;vertical-align:-0.25em;width:1.5rem;height:1.5rem;box-sizing:content-box" title="add to cart"></i><span class="mr2">Add</span></button></div></div></div><div class="mt2 mb1" data-testid="variant-6CX6IMACO8FB" style="height:24px"><div class="flex items-center lh-title h2-l normal"><div class="gray f7 flex items-center"><div>Sponsored</div><div class="z-2"><button aria-label="Ad disclaimer and feedback" class="w_hhLG w_DZvO w_0_LY pointer pl1 no-underline pt3 pb3" title="Ad disclaimer and feedback" type="button"><i class="ld ld-InfoCircle" style="font-size:1rem;vertical-align:-0.175em;width:1rem;height:1rem;box-sizing:content-box"></i></button></div></div></div></div></div><div class=""><div class="flex flex-wrap justify-start items-center lh-title mb1" data-automation-id="product-price"><div aria-hidden="true" class="mr1 mr2-xl b black lh-solid f5 f4-l"><span class="f3"></span><span class="f6 f5-l" style="vertical-align:0.65ex;margin-right:2px">$</span><span class="f2">3</span><span class="f6 f5-l" style="vertical-align:0.75ex">96</span></div><span class="w_iUH7">current price $3.96</span><div class="gray mr1 f6 f5-l flex items-end mt1">$7.92/lb</div><div class="f7 f6-l gray w-100">Final cost by weight</div></div><span class="w_V_DM" style="-webkit-line-clamp: 3; padding-bottom: 0.1em; margin-bottom: -0.1em;"><span class="normal dark-gray mb0 mt1 lh-title f6 f5-l lh-copy" data-automation-id="product-title">Land O Lakes White American Cheese, Sliced (Fresh, Plastic Bag)</span></span><div class="flex items-center mt2"><div class="w_ExHd w_y6ym mr1"><svg class="w_D5ag w_6H0I w_1jp4" viewbox="0 0 22 22" xmlns="http://www.w3.org/2000/svg"><path d="m13.562 7.028.17.354.387.062 6.226.999c.011.002.029.008.047.034.018.026.03.063.023.106a.133.133 0 0 1-.034.073l-4.476 4.64-.274.284.079.387 1.321 6.467c.009.042 0 .08-.017.109-.018.028-.036.036-.049.04a.04.04 0 0 1-.014 0 .05.05 0 0 1-.017-.006l-5.926-3.032-.341-.175-.342.175-5.926 3.032a.046.046 0 0 1-.02.006c-.004 0-.01 0-.017-.003-.013-.004-.034-.017-.05-.05a.155.155 0 0 1-.01-.096l1.322-6.467.079-.387-.274-.284-4.477-4.64a.136.136 0 0 1-.035-.095c0-.042.014-.075.034-.096a.067.067 0 0 1 .037-.022l6.226-.999.388-.062.17-.354 2.83-5.892c.016-.033.037-.045.05-.05a.045.045 0 0 1 .018-.003c.004 0 .01.002.02.007a.1.1 0 0 1 .04.046l2.832 5.892Z"></path></svg><svg class="w_D5ag w_6H0I w_1jp4" viewbox="0 0 22 22" xmlns="http://www.w3.org/2000/svg"><path d="m13.562 7.028.17.354.387.062 6.226.999c.011.002.029.008.047.034.018.026.03.063.023.106a.133.133 0 0 1-.034.073l-4.476 4.64-.274.284.079.387 1.321 6.467c.009.042 0 .08-.017.109-.018.028-.036.036-.049.04a.04.04 0 0 1-.014 0 .05.05 0 0 1-.017-.006l-5.926-3.032-.341-.175-.342.175-5.926 3.032a.046.046 0 0 1-.02.006c-.004 0-.01 0-.017-.003-.013-.004-.034-.017-.05-.05a.155.155 0 0 1-.01-.096l1.322-6.467.079-.387-.274-.284-4.477-4.64a.136.136 0 0 1-.035-.095c0-.042.014-.075.034-.096a.067.067 0 0 1 .037-.022l6.226-.999.388-.062.17-.354 2.83-5.892c.016-.033.037-.045.05-.05a.045.045 0 0 1 .018-.003c.004 0 .01.002.02.007a.1.1 0 0 1 .04.046l2.832 5.892Z"></path></svg><svg class="w_D5ag w_6H0I w_HGbC" viewbox="0 0 22 22" xmlns="http://www.w3.org/2000/svg"><path class="w_sX0E" d="M11 2.174a.825.825 0 0 0-.74.478L8.375 7.424l-5.662.628a.816.816 0 0 0-.463.247c-.322.34-.32.89.006 1.227l3.494 4.023-1.174 6.039a.905.905 0 0 0 .066.562c.2.43.697.61 1.108.399l5.25-3.5V2.174Z"></path><path class="w_eDrS" d="M11 2.002v15.5M13.895 7.082l.17.354.387.062 6.226.999c.011.001.03.008.047.034.018.026.03.063.023.106a.133.133 0 0 1-.034.073l-4.476 4.64-.274.284.08.387 1.32 6.467a.15.15 0 0 1-.017.109c-.017.027-.036.036-.048.039a.04.04 0 0 1-.015 0 .05.05 0 0 1-.017-.005L11.342 17.6 11 17.424l-.342.175-5.925 3.032a.046.046 0 0 1-.02.006c-.005 0-.01 0-.018-.003-.013-.005-.034-.017-.05-.05a.155.155 0 0 1-.01-.096l1.322-6.467.079-.387-.274-.284-4.477-4.64a.136.136 0 0 1-.035-.096c0-.041.015-.074.035-.095a.067.067 0 0 1 .037-.022l6.226-.999.387-.062.17-.354 2.831-5.892c.016-.033.036-.045.05-.05a.045.045 0 0 1 .017-.003c.004 0 .01.002.02.007a.1.1 0 0 1 .041.046l2.83 5.892Z"></path></svg><svg class="w_D5ag w_6H0I w_eDrS" viewbox="0 0 22 22" xmlns="http://www.w3.org/2000/svg"><path d="m13.562 7.028.17.354.387.062 6.226.999c.011.002.029.008.047.034.018.026.03.063.023.106a.133.133 0 0 1-.034.073l-4.476 4.64-.274.284.079.387 1.321 6.467c.009.042 0 .08-.017.109-.018.028-.036.036-.049.04a.04.04 0 0 1-.014 0 .05.05 0 0 1-.017-.006l-5.926-3.032-.341-.175-.342.175-5.926 3.032a.046.046 0 0 1-.02.006c-.004 0-.01 0-.017-.003-.013-.004-.034-.017-.05-.05a.155.155 0 0 1-.01-.096l1.322-6.467.079-.387-.274-.284-4.477-4.64a.136.136 0 0 1-.035-.095c0-.042.014-.075.034-.096a.067.067 0 0 1 .037-.022l6.226-.999.388-.062.17-.354 2.83-5.892c.016-.033.037-.045.05-.05a.045.045 0 0 1 .018-.003c.004 0 .01.002.02.007a.1.1 0 0 1 .04.046l2.832 5.892Z"></path></svg><svg class="w_D5ag w_6H0I w_eDrS" viewbox="0 0 22 22" xmlns="http://www.w3.org/2000/svg"><path d="m13.562 7.028.17.354.387.062 6.226.999c.011.002.029.008.047.034.018.026.03.063.023.106a.133.133 0 0 1-.034.073l-4.476 4.64-.274.284.079.387 1.321 6.467c.009.042 0 .08-.017.109-.018.028-.036.036-.049.04a.04.04 0 0 1-.014 0 .05.05 0 0 1-.017-.006l-5.926-3.032-.341-.175-.342.175-5.926 3.032a.046.046 0 0 1-.02.006c-.004 0-.01 0-.017-.003-.013-.004-.034-.017-.05-.05a.155.155 0 0 1-.01-.096l1.322-6.467.079-.387-.274-.284-4.477-4.64a.136.136 0 0 1-.035-.095c0-.042.014-.075.034-.096a.067.067 0 0 1 .037-.022l6.226-.999.388-.062.17-.354 2.83-5.892c.016-.033.037-.045.05-.05a.045.045 0 0 1 .018-.003c.004 0 .01.002.02.007a.1.1 0 0 1 .04.046l2.832 5.892Z"></path></svg></div><span aria-hidden="true" class="sans-serif gray f7" data-testid="product-reviews" data-value="227">227</span><span class="w_iUH7">2.6 out of 5 Stars. 227 reviews</span></div><div class="mt2"><img alt="ebt" aria-hidden="true" class="v-mid pb1 mr2" height="20" loading="lazy" src="//i5.walmartimages.com/dfw/63fd9f59-2845/2044d79e-92d5-4c08-90a2-0480444a877f/v1/EBT-Logo.svg" width="30"/><span class="gray f6-l f5-m">EBT eligible</span></div><div></div><div class="mt2" data-automation-id="fulfillment-badge"><div class="f7 flex self-baseline dark-gray"><div>Pickup <span class="b">today</span></div></div></div></div></div></div></div></div></div><div class="mb0 ph0-xl pt0-xl bb b--near-white w-25 pb3-m ph1"><div class="h-100 pr4-xl pt3" io-id="4PBYVC8Y1Y9C" style="contain-intrinsic-size:198px 340px"><div class="sans-serif mid-gray relative flex flex-column w-100 hide-child-opacity" data-item-id="4PBYVC8Y1Y9C" role="group"><a class="w-100 h-100 z-1 hide-sibling-opacity absolute" href="https://www.walmart.com/sp/track?bt=1&amp;eventST=click&amp;plmt=sp-search-middle~desktop~&amp;pos=4&amp;tax=976759_9176907_1001468_4800400&amp;rdf=1&amp;rd=https%3A%2F%2Fwww.walmart.com%2Fip%2FCabot-Creamery-Cracker-Cut-Seriously-Sharp-Cheddar-Cheese-7-oz-Refridgerated-Vacuum-Pack%2F409240140%3FclassType%3DREGULAR%26adsRedirect%3Dtrue&amp;adUid=6637d0d3-798d-45f2-bbf3-e039cb0f7a20&amp;mloc=sp-search-middle&amp;pltfm=desktop&amp;pgId=cheese&amp;pt=search&amp;spQs=8bbZYi4qr72-EqgaFO9TAfpWG_C39_WB1jZw3usKKn-NqZB-P8KVvuo8wHIiHWRlcOpIXloHDhPFq2NM_fuidZHKrOacVQ9kEZdY9evO3lpc_vMTwYHKzGMdsALj_wuU2_1BaKQ1RPDTrz7-MVAdC_VQWK6QupDDnO99PfAatwTmz0cnoQPNwdE7eF72b1NgxDRQmXuGI3HzPSNx_EdB5FaLt_8NTu83DZGEf25Y5WOSd5iE4P8Yr6rCWHhabDSS&amp;storeId=3795&amp;specificity=broad&amp;specificityScore=0.16032135&amp;couponState=na&amp;bkt=ace1_default%7Cace2_default%7Cace3_11293%7Cbb_11237%7Ccoldstart_on%7Csearch_Inhouse_ANN_Launch_Web&amp;classType=REGULAR" link-identifier="409240140" target=""><span class="w_iUH7">Cabot Creamery Seriously Sharp Cheddar Cheese Cracker Cuts 7 oz (Refrigerated Slices)<!-- --> </span></a><div class="" data-testid="list-view"><div class=""><div class=""><div class="relative"><div class="relative overflow-hidden" style="max-width:290px;height:0;padding-bottom:min(290px, 100%);align-self:center;width:min(290px, 100%)"><span><button aria-label="Sign in to add to Favorites list, Cabot Creamery Seriously Sharp Cheddar Cheese Cracker Cuts 7 oz (Refrigerated Slices)" class="bg-white pointer pa0 black bn mt1 mr1 pa1 br4 absolute top-0 right-0 z-2" data-automation-id="heart-item" style="width: 32px; height: 32px;" type="button"><i aria-hidden="true" class="ld ld-Heart" style="font-size: 1.5rem; vertical-align: -0.25em; padding-top: 1px; width: 1.5rem; height: 1.5rem; box-sizing: content-box;"></i></button></span><img alt="Cabot Creamery Seriously Sharp Cheddar Cheese Cracker Cuts 7 oz (Refrigerated Slices)" class="absolute top-0 left-0" data-testid="productTileImage" height="" id="is-0-productImage-3" loading="eager" src="https://i5.walmartimages.com/seo/Cabot-Creamery-Seriously-Sharp-Cheddar-Cheese-Cracker-Cuts-7-oz-Refrigerated-Slices_2ae93c04-e810-4065-bcdf-0d5ffcbd28ee.c7e1c10f46d3f99c1426dceb3ea2f0a6.jpeg?odnHeight=580&amp;odnWidth=580&amp;odnBg=FFFFFF" width=""/></div><div class="z-2 relative mt3"><div class="relative dib flex-row-reverse" data-id="4PBYVC8Y1Y9C"><button aria-label="Add to cart - Cabot Creamery Seriously Sharp Cheddar Cheese Cracker Cuts 7 oz (Refrigerated Slices)" class="w_hhLG w_8nsR w_jDfj pointer bn sans-serif b ph2 flex items-center justify-center w-auto shadow-1" data-automation-id="add-to-cart" data-pcss-hide="true" type="button"><i class="ld ld-Plus" style="font-size:1.5rem;vertical-align:-0.25em;width:1.5rem;height:1.5rem;box-sizing:content-box" title="add to cart"></i><span class="mr2">Add</span></button></div></div></div><div class="mt2 mb1" data-testid="variant-4PBYVC8Y1Y9C" style="height:24px"><div class="flex items-center lh-title h2-l normal"><div class="gray f7 flex items-center"><div>Sponsored</div><div class="z-2"><button aria-label="Ad disclaimer and feedback" class="w_hhLG w_DZvO w_0_LY pointer pl1 no-underline pt3 pb3" title="Ad disclaimer and feedback" type="button"><i class="ld ld-InfoCircle" style="font-size:1rem;vertical-align:-0.175em;width:1rem;height:1rem;box-sizing:content-box"></i></button></div></div></div></div></div><div class=""><div class="flex flex-wrap justify-start items-center lh-title mb1" data-automation-id="product-price"><div aria-hidden="true" class="mr1 mr2-xl b black lh-solid f5 f4-l"><span class="f3"></span><span class="f6 f5-l" style="vertical-align:0.65ex;margin-right:2px">$</span><span class="f2">3</span><span class="f6 f5-l" style="vertical-align:0.75ex">12</span></div><span class="w_iUH7">current price $3.12</span><div class="gray mr1 f6 f5-l flex items-end mt1">$7.13/lb</div></div><span class="w_V_DM" style="-webkit-line-clamp: 3; padding-bottom: 0.1em; margin-bottom: -0.1em;"><span class="normal dark-gray mb0 mt1 lh-title f6 f5-l lh-copy" data-automation-id="product-title">Cabot Creamery Seriously Sharp Cheddar Cheese Cracker Cuts 7 oz (Refrigerated Slices)</span></span><div class="flex items-center mt2"><div class="w_ExHd w_y6ym mr1"><svg class="w_D5ag w_6H0I w_1jp4" viewbox="0 0 22 22" xmlns="http://www.w3.org/2000/svg"><path d="m13.562 7.028.17.354.387.062 6.226.999c.011.002.029.008.047.034.018.026.03.063.023.106a.133.133 0 0 1-.034.073l-4.476 4.64-.274.284.079.387 1.321 6.467c.009.042 0 .08-.017.109-.018.028-.036.036-.049.04a.04.04 0 0 1-.014 0 .05.05 0 0 1-.017-.006l-5.926-3.032-.341-.175-.342.175-5.926 3.032a.046.046 0 0 1-.02.006c-.004 0-.01 0-.017-.003-.013-.004-.034-.017-.05-.05a.155.155 0 0 1-.01-.096l1.322-6.467.079-.387-.274-.284-4.477-4.64a.136.136 0 0 1-.035-.095c0-.042.014-.075.034-.096a.067.067 0 0 1 .037-.022l6.226-.999.388-.062.17-.354 2.83-5.892c.016-.033.037-.045.05-.05a.045.045 0 0 1 .018-.003c.004 0 .01.002.02.007a.1.1 0 0 1 .04.046l2.832 5.892Z"></path></svg><svg class="w_D5ag w_6H0I w_1jp4" viewbox="0 0 22 22" xmlns="http://www.w3.org/2000/svg"><path d="m13.562 7.028.17.354.387.062 6.226.999c.011.002.029.008.047.034.018.026.03.063.023.106a.133.133 0 0 1-.034.073l-4.476 4.64-.274.284.079.387 1.321 6.467c.009.042 0 .08-.017.109-.018.028-.036.036-.049.04a.04.04 0 0 1-.014 0 .05.05 0 0 1-.017-.006l-5.926-3.032-.341-.175-.342.175-5.926 3.032a.046.046 0 0 1-.02.006c-.004 0-.01 0-.017-.003-.013-.004-.034-.017-.05-.05a.155.155 0 0 1-.01-.096l1.322-6.467.079-.387-.274-.284-4.477-4.64a.136.136 0 0 1-.035-.095c0-.042.014-.075.034-.096a.067.067 0 0 1 .037-.022l6.226-.999.388-.062.17-.354 2.83-5.892c.016-.033.037-.045.05-.05a.045.045 0 0 1 .018-.003c.004 0 .01.002.02.007a.1.1 0 0 1 .04.046l2.832 5.892Z"></path></svg><svg class="w_D5ag w_6H0I w_1jp4" viewbox="0 0 22 22" xmlns="http://www.w3.org/2000/svg"><path d="m13.562 7.028.17.354.387.062 6.226.999c.011.002.029.008.047.034.018.026.03.063.023.106a.133.133 0 0 1-.034.073l-4.476 4.64-.274.284.079.387 1.321 6.467c.009.042 0 .08-.017.109-.018.028-.036.036-.049.04a.04.04 0 0 1-.014 0 .05.05 0 0 1-.017-.006l-5.926-3.032-.341-.175-.342.175-5.926 3.032a.046.046 0 0 1-.02.006c-.004 0-.01 0-.017-.003-.013-.004-.034-.017-.05-.05a.155.155 0 0 1-.01-.096l1.322-6.467.079-.387-.274-.284-4.477-4.64a.136.136 0 0 1-.035-.095c0-.042.014-.075.034-.096a.067.067 0 0 1 .037-.022l6.226-.999.388-.062.17-.354 2.83-5.892c.016-.033.037-.045.05-.05a.045.045 0 0 1 .018-.003c.004 0 .01.002.02.007a.1.1 0 0 1 .04.046l2.832 5.892Z"></path></svg><svg class="w_D5ag w_6H0I w_eDrS" viewbox="0 0 22 22" xmlns="http://www.w3.org/2000/svg"><path d="m13.562 7.028.17.354.387.062 6.226.999c.011.002.029.008.047.034.018.026.03.063.023.106a.133.133 0 0 1-.034.073l-4.476 4.64-.274.284.079.387 1.321 6.467c.009.042 0 .08-.017.109-.018.028-.036.036-.049.04a.04.04 0 0 1-.014 0 .05.05 0 0 1-.017-.006l-5.926-3.032-.341-.175-.342.175-5.926 3.032a.046.046 0 0 1-.02.006c-.004 0-.01 0-.017-.003-.013-.004-.034-.017-.05-.05a.155.155 0 0 1-.01-.096l1.322-6.467.079-.387-.274-.284-4.477-4.64a.136.136 0 0 1-.035-.095c0-.042.014-.075.034-.096a.067.067 0 0 1 .037-.022l6.226-.999.388-.062.17-.354 2.83-5.892c.016-.033.037-.045.05-.05a.045.045 0 0 1 .018-.003c.004 0 .01.002.02.007a.1.1 0 0 1 .04.046l2.832 5.892Z"></path></svg><svg class="w_D5ag w_6H0I w_eDrS" viewbox="0 0 22 22" xmlns="http://www.w3.org/2000/svg"><path d="m13.562 7.028.17.354.387.062 6.226.999c.011.002.029.008.047.034.018.026.03.063.023.106a.133.133 0 0 1-.034.073l-4.476 4.64-.274.284.079.387 1.321 6.467c.009.042 0 .08-.017.109-.018.028-.036.036-.049.04a.04.04 0 0 1-.014 0 .05.05 0 0 1-.017-.006l-5.926-3.032-.341-.175-.342.175-5.926 3.032a.046.046 0 0 1-.02.006c-.004 0-.01 0-.017-.003-.013-.004-.034-.017-.05-.05a.155.155 0 0 1-.01-.096l1.322-6.467.079-.387-.274-.284-4.477-4.64a.136.136 0 0 1-.035-.095c0-.042.014-.075.034-.096a.067.067 0 0 1 .037-.022l6.226-.999.388-.062.17-.354 2.83-5.892c.016-.033.037-.045.05-.05a.045.045 0 0 1 .018-.003c.004 0 .01.002.02.007a.1.1 0 0 1 .04.046l2.832 5.892Z"></path></svg></div><span aria-hidden="true" class="sans-serif gray f7" data-testid="product-reviews" data-value="17">17</span><span class="w_iUH7">3.2 out of 5 Stars. 17 reviews</span></div><div class="mt2"><img alt="ebt" aria-hidden="true" class="v-mid pb1 mr2" height="20" loading="lazy" src="//i5.walmartimages.com/dfw/63fd9f59-2845/2044d79e-92d5-4c08-90a2-0480444a877f/v1/EBT-Logo.svg" width="30"/><span class="gray f6-l f5-m">EBT eligible</span></div><div></div><div class="mt2" data-automation-id="fulfillment-badge"><div class="f7 flex self-baseline dark-gray"><div>Pickup <span class="b">today</span></div></div></div></div></div></div></div></div></div><div class="mb0 ph0-xl pt0-xl bb b--near-white w-25 pb3-m ph1"><div class="h-100 pr4-xl pt3" io-id="36GYH1U9V803" style="contain-intrinsic-size:198px 340px"><div class="sans-serif mid-gray relative flex flex-column w-100 hide-child-opacity" data-item-id="36GYH1U9V803" role="group"><a class="w-100 h-100 z-1 hide-sibling-opacity absolute" href="/ip/Great-Value-Finely-Shredded-Fiesta-Blend-Cheese-32-oz-Bag/10452468?classType=REGULAR&amp;athbdg=L1300&amp;from=/search" link-identifier="10452468" target=""><span class="w_iUH7">Great Value Finely Shredded Fiesta Blend Cheese, 32 oz Bag<!-- --> </span></a><div class="" data-testid="list-view"><div class=""><div class=""><div class="h2 relative nowrap mb1"><span class="w_VbBP w_WKt3 w_U23Z tag-leading-badge absolute" style="background:#DE1C24;color:#FFFFFF;border-radius:4px;font-weight:700">Rollback</span></div><div class="relative"><div class="relative overflow-hidden" style="max-width:290px;height:0;padding-bottom:min(290px, 100%);align-self:center;width:min(290px, 100%)"><span><button aria-label="Sign in to add to Favorites list, Great Value Finely Shredded Fiesta Blend Cheese, 32 oz Bag" class="bg-white pointer pa0 black bn mt1 mr1 pa1 br4 absolute top-0 right-0 z-2" data-automation-id="heart-item" style="width: 32px; height: 32px;" type="button"><i aria-hidden="true" class="ld ld-Heart" style="font-size: 1.5rem; vertical-align: -0.25em; padding-top: 1px; width: 1.5rem; height: 1.5rem; box-sizing: content-box;"></i></button></span><img alt="Great Value Finely Shredded Fiesta Blend Cheese, 32 oz Bag" class="absolute top-0 left-0" data-testid="productTileImage" height="" id="is-0-productImage-4" loading="lazy" src="https://i5.walmartimages.com/seo/Great-Value-Finely-Shredded-Fiesta-Blend-Cheese-32-oz-Bag_c86a6ab7-5bba-40e1-a973-5440d577a718.6eac4ee870aeb1731a9e7f91e5149ae7.jpeg?odnHeight=580&amp;odnWidth=580&amp;odnBg=FFFFFF" srcset="https://i5.walmartimages.com/seo/Great-Value-Finely-Shredded-Fiesta-Blend-Cheese-32-oz-Bag_c86a6ab7-5bba-40e1-a973-5440d577a718.6eac4ee870aeb1731a9e7f91e5149ae7.jpeg?odnHeight=290&amp;odnWidth=290&amp;odnBg=FFFFFF 1x, https://i5.walmartimages.com/seo/Great-Value-Finely-Shredded-Fiesta-Blend-Cheese-32-oz-Bag_c86a6ab7-5bba-40e1-a973-5440d577a718.6eac4ee870aeb1731a9e7f91e5149ae7.jpeg?odnHeight=580&amp;odnWidth=580&amp;odnBg=FFFFFF 2x" width=""/></div><div class="z-2 relative mt3"><div class="relative dib flex-row-reverse" data-id="36GYH1U9V803"><button aria-label="Add to cart - Great Value Finely Shredded Fiesta Blend Cheese, 32 oz Bag" class="w_hhLG w_8nsR w_jDfj pointer bn sans-serif b ph2 flex items-center justify-center w-auto shadow-1" data-automation-id="add-to-cart" data-pcss-hide="true" type="button"><i class="ld ld-Plus" style="font-size:1.5rem;vertical-align:-0.25em;width:1.5rem;height:1.5rem;box-sizing:content-box" title="add to cart"></i><span class="mr2">Add</span></button></div></div></div><div class="mt3"></div></div><div class=""><div class="flex flex-wrap justify-start items-center lh-title mb1" data-automation-id="product-price"><div aria-hidden="true" class="mr1 mr2-xl b black green lh-solid f5 f4-l"><span class="f3 mr1">Now</span><span class="f6 f5-l" style="vertical-align:0.65ex;margin-right:2px">$</span><span class="f2">7</span><span class="f6 f5-l" style="vertical-align:0.75ex">38</span></div><span class="w_iUH7">current price Now $7.38</span><div aria-hidden="true" class="gray mr1 strike f6 f4-l flex items-end mt1">$8.24</div><span class="w_iUH7">Was $8.24</span><div class="gray mr1 f6 f5-l flex items-end mt1">$3.69/lb</div></div><span class="w_V_DM" style="-webkit-line-clamp: 3; padding-bottom: 0.1em; margin-bottom: -0.1em;"><span class="normal dark-gray mb0 mt1 lh-title f6 f5-l lh-copy" data-automation-id="product-title">Great Value Finely Shredded Fiesta Blend Cheese, 32 oz Bag</span></span><div class="mt2"><img alt="ebt" aria-hidden="true" class="v-mid pb1 mr2" height="20" loading="lazy" src="//i5.walmartimages.com/dfw/63fd9f59-2845/2044d79e-92d5-4c08-90a2-0480444a877f/v1/EBT-Logo.svg" width="30"/><span class="gray f6-l f5-m">EBT eligible</span></div><div></div><div class="mt2" data-automation-id="fulfillment-badge"><div class="f7 flex self-baseline dark-gray"><div>Pickup <span class="b">today</span></div></div></div></div></div></div></div></div></div><div class="mb0 ph0-xl pt0-xl bb b--near-white w-25 pb3-m ph1"><div class="h-100 pr4-xl pt3" io-id="2P4RXF5XCII8" style="contain-intrinsic-size:198px 340px"><div class="sans-serif mid-gray relative flex flex-column w-100 hide-child-opacity" data-item-id="2P4RXF5XCII8" role="group"><a class="w-100 h-100 z-1 hide-sibling-opacity absolute" href="/ip/Great-Value-Finely-Shredded-Fiesta-Blend-Cheese-8-Oz/10452562?classType=REGULAR&amp;athbdg=L1300&amp;from=/search" link-identifier="10452562" target=""><span class="w_iUH7">Great Value Finely Shredded Fiesta Blend Cheese, 8 oz<!-- --> </span></a><div class="" data-testid="list-view"><div class=""><div class=""><div class="h2 relative nowrap mb1"><span class="w_VbBP w_WKt3 w_U23Z tag-leading-badge absolute" style="background:#DE1C24;color:#FFFFFF;border-radius:4px;font-weight:700">Rollback</span></div><div class="relative"><div class="relative overflow-hidden" style="max-width:290px;height:0;padding-bottom:min(290px, 100%);align-self:center;width:min(290px, 100%)"><span><button aria-label="Sign in to add to Favorites list, Great Value Finely Shredded Fiesta Blend Cheese, 8 oz" class="bg-white pointer pa0 black bn mt1 mr1 pa1 br4 absolute top-0 right-0 z-2" data-automation-id="heart-item" style="width: 32px; height: 32px;" type="button"><i aria-hidden="true" class="ld ld-Heart" style="font-size: 1.5rem; vertical-align: -0.25em; padding-top: 1px; width: 1.5rem; height: 1.5rem; box-sizing: content-box;"></i></button></span><img alt="Great Value Finely Shredded Fiesta Blend Cheese, 8 oz" class="absolute top-0 left-0" data-testid="productTileImage" height="" id="is-0-productImage-5" loading="lazy" src="https://i5.walmartimages.com/seo/Great-Value-Finely-Shredded-Fiesta-Blend-Cheese-8-oz_5127b37a-3b27-42a9-8d3a-b971b90881bd.f935534052cc2f7792b8c3d017b0d5ce.jpeg?odnHeight=580&amp;odnWidth=580&amp;odnBg=FFFFFF" srcset="https://i5.walmartimages.com/seo/Great-Value-Finely-Shredded-Fiesta-Blend-Cheese-8-oz_5127b37a-3b27-42a9-8d3a-b971b90881bd.f935534052cc2f7792b8c3d017b0d5ce.jpeg?odnHeight=290&amp;odnWidth=290&amp;odnBg=FFFFFF 1x, https://i5.walmartimages.com/seo/Great-Value-Finely-Shredded-Fiesta-Blend-Cheese-8-oz_5127b37a-3b27-42a9-8d3a-b971b90881bd.f935534052cc2f7792b8c3d017b0d5ce.jpeg?odnHeight=580&amp;odnWidth=580&amp;odnBg=FFFFFF 2x" width=""/></div><div class="z-2 relative mt3"><div class="relative dib flex-row-reverse" data-id="2P4RXF5XCII8"><button aria-label="Add to cart - Great Value Finely Shredded Fiesta Blend Cheese, 8 oz" class="w_hhLG w_8nsR w_jDfj pointer bn sans-serif b ph2 flex items-center justify-center w-auto shadow-1" data-automation-id="add-to-cart" data-pcss-hide="true" type="button"><i class="ld ld-Plus" style="font-size:1.5rem;vertical-align:-0.25em;width:1.5rem;height:1.5rem;box-sizing:content-box" title="add to cart"></i><span class="mr2">Add</span></button></div></div></div><div class="mt3"></div></div><div class=""><div class="flex flex-wrap justify-start items-center lh-title mb1" data-automation-id="product-price"><div aria-hidden="true" class="mr1 mr2-xl b black green lh-solid f5 f4-l"><span class="f3 mr1">Now</span><span class="f6 f5-l" style="vertical-align:0.65ex;margin-right:2px">$</span><span class="f2">1</span><span class="f6 f5-l" style="vertical-align:0.75ex">97</span></div><span class="w_iUH7">current price Now $1.97</span><div aria-hidden="true" class="gray mr1 strike f6 f4-l flex items-end mt1">$2.24</div><span class="w_iUH7">Was $2.24</span><div class="gray mr1 f6 f5-l flex items-end mt1">$3.94/lb</div></div><span class="w_V_DM" style="-webkit-line-clamp: 3; padding-bottom: 0.1em; margin-bottom: -0.1em;"><span class="normal dark-gray mb0 mt1 lh-title f6 f5-l lh-copy" data-automation-id="product-title">Great Value Finely Shredded Fiesta Blend Cheese, 8 oz</span></span><div class="mt2"><img alt="ebt" aria-hidden="true" class="v-mid pb1 mr2" height="20" loading="lazy" src="//i5.walmartimages.com/dfw/63fd9f59-2845/2044d79e-92d5-4c08-90a2-0480444a877f/v1/EBT-Logo.svg" width="30"/><span class="gray f6-l f5-m">EBT eligible</span></div><div></div><div class="mt2" data-automation-id="fulfillment-badge"><div class="f7 flex self-baseline dark-gray"><div>Pickup <span class="b">today</span></div></div></div></div></div></div></div></div></div><div class="mb0 ph0-xl pt0-xl bb b--near-white w-25 pb3-m ph1"><div class="h-100 pr4-xl pt3" io-id="1SHTFK1S36B2" style="contain-intrinsic-size:198px 340px"><div class="sans-serif mid-gray relative flex flex-column w-100 hide-child-opacity" data-item-id="1SHTFK1S36B2" role="group"><a class="w-100 h-100 z-1 hide-sibling-opacity absolute" href="/ip/Great-Value-Finely-Shredded-Colby-Jack-Cheese-8-oz/10452564?classType=REGULAR&amp;athbdg=L1300&amp;from=/search" link-identifier="10452564" target=""><span class="w_iUH7">Great Value Finely Shredded Colby Jack Cheese, 8 oz<!-- --> </span></a><div class="" data-testid="list-view"><div class=""><div class=""><div class="h2 relative nowrap mb1"><span class="w_VbBP w_WKt3 w_U23Z tag-leading-badge absolute" style="background:#DE1C24;color:#FFFFFF;border-radius:4px;font-weight:700">Rollback</span></div><div class="relative"><div class="relative overflow-hidden" style="max-width:290px;height:0;padding-bottom:min(290px, 100%);align-self:center;width:min(290px, 100%)"><span><button aria-label="Sign in to add to Favorites list, Great Value Finely Shredded Colby Jack Cheese, 8 oz" class="bg-white pointer pa0 black bn mt1 mr1 pa1 br4 absolute top-0 right-0 z-2" data-automation-id="heart-item" style="width: 32px; height: 32px;" type="button"><i aria-hidden="true" class="ld ld-Heart" style="font-size: 1.5rem; vertical-align: -0.25em; padding-top: 1px; width: 1.5rem; height: 1.5rem; box-sizing: content-box;"></i></button></span><img alt="Great Value Finely Shredded Colby Jack Cheese, 8 oz" class="absolute top-0 left-0" data-testid="productTileImage" height="" id="is-0-productImage-6" loading="lazy" src="https://i5.walmartimages.com/seo/Great-Value-Finely-Shredded-Colby-Jack-Cheese-8-oz_a5ff6ef3-cb13-4fa7-9647-a8f4f50ed199.9c310685168c5c481885dbfcbe925301.jpeg?odnHeight=580&amp;odnWidth=580&amp;odnBg=FFFFFF" srcset="https://i5.walmartimages.com/seo/Great-Value-Finely-Shredded-Colby-Jack-Cheese-8-oz_a5ff6ef3-cb13-4fa7-9647-a8f4f50ed199.9c310685168c5c481885dbfcbe925301.jpeg?odnHeight=290&amp;odnWidth=290&amp;odnBg=FFFFFF 1x, https://i5.walmartimages.com/seo/Great-Value-Finely-Shredded-Colby-Jack-Cheese-8-oz_a5ff6ef3-cb13-4fa7-9647-a8f4f50ed199.9c310685168c5c481885dbfcbe925301.jpeg?odnHeight=580&amp;odnWidth=580&amp;odnBg=FFFFFF 2x" width=""/></div><div class="z-2 relative mt3"><div class="relative dib flex-row-reverse" data-id="1SHTFK1S36B2"><button aria-label="Add to cart - Great Value Finely Shredded Colby Jack Cheese, 8 oz" class="w_hhLG w_8nsR w_jDfj pointer bn sans-serif b ph2 flex items-center justify-center w-auto shadow-1" data-automation-id="add-to-cart" data-pcss-hide="true" type="button"><i class="ld ld-Plus" style="font-size:1.5rem;vertical-align:-0.25em;width:1.5rem;height:1.5rem;box-sizing:content-box" title="add to cart"></i><span class="mr2">Add</span></button></div></div></div><div class="mt3"></div></div><div class=""><div class="flex flex-wrap justify-start items-center lh-title mb1" data-automation-id="product-price"><div aria-hidden="true" class="mr1 mr2-xl b black green lh-solid f5 f4-l"><span class="f3 mr1">Now</span><span class="f6 f5-l" style="vertical-align:0.65ex;margin-right:2px">$</span><span class="f2">1</span><span class="f6 f5-l" style="vertical-align:0.75ex">97</span></div><span class="w_iUH7">current price Now $1.97</span><div aria-hidden="true" class="gray mr1 strike f6 f4-l flex items-end mt1">$2.24</div><span class="w_iUH7">Was $2.24</span><div class="gray mr1 f6 f5-l flex items-end mt1">$3.94/lb</div></div><span class="w_V_DM" style="-webkit-line-clamp: 3; padding-bottom: 0.1em; margin-bottom: -0.1em;"><span class="normal dark-gray mb0 mt1 lh-title f6 f5-l lh-copy" data-automation-id="product-title">Great Value Finely Shredded Colby Jack Cheese, 8 oz</span></span><div class="mt2"><img alt="ebt" aria-hidden="true" class="v-mid pb1 mr2" height="20" loading="lazy" src="//i5.walmartimages.com/dfw/63fd9f59-2845/2044d79e-92d5-4c08-90a2-0480444a877f/v1/EBT-Logo.svg" width="30"/><span class="gray f6-l f5-m">EBT eligible</span></div><div></div><div class="mt2" data-automation-id="fulfillment-badge"><div class="f7 flex self-baseline dark-gray"><div>Pickup <span class="b">today</span></div></div></div></div></div></div></div></div></div><div class="mb0 ph0-xl pt0-xl bb b--near-white w-25 pb3-m ph1"><div class="h-100 pr4-xl pt3" io-id="6903T7MTF5B4" style="contain-intrinsic-size:198px 340px"><div class="sans-serif mid-gray relative flex flex-column w-100 hide-child-opacity" data-item-id="6903T7MTF5B4" role="group"><a class="w-100 h-100 z-1 hide-sibling-opacity absolute" href="/ip/Kraft-Singles-American-Cheese-Slices-24-count/10452905?classType=REGULAR&amp;athbdg=L1600&amp;from=/search" link-identifier="10452905" target=""><span class="w_iUH7">Kraft Singles American Cheese Slices, 24 Ct Pk<!-- --> </span></a><div class="" data-testid="list-view"><div class=""><div class=""><div class="h2 relative nowrap mb1"><span class="w_VbBP w_mFV6 w_I_19 w_3oNC w_AAn7 tag-leading-badge absolute" style="background:#E6F1FC;color:#004F9A;border-radius:4px;font-weight:700">Best seller</span></div><div class="relative"><div class="relative overflow-hidden" style="max-width:290px;height:0;padding-bottom:min(290px, 100%);align-self:center;width:min(290px, 100%)"><span><button aria-label="Sign in to add to Favorites list, Kraft Singles American Cheese Slices, 24 Ct Pk" class="bg-white pointer pa0 black bn mt1 mr1 pa1 br4 absolute top-0 right-0 z-2" data-automation-id="heart-item" style="width: 32px; height: 32px;" type="button"><i aria-hidden="true" class="ld ld-Heart" style="font-size: 1.5rem; vertical-align: -0.25em; padding-top: 1px; width: 1.5rem; height: 1.5rem; box-sizing: content-box;"></i></button></span><img alt="Kraft Singles American Cheese Slices, 24 Ct Pk" class="absolute top-0 left-0" data-testid="productTileImage" height="" id="is-0-productImage-7" loading="lazy" src="https://i5.walmartimages.com/seo/Kraft-Singles-American-Cheese-Slices-24-Ct-Pk_fabca33f-f113-4c4d-9411-ef367a25aab0.a57331d93dba222943e1e0241cdffb36.jpeg?odnHeight=580&amp;odnWidth=580&amp;odnBg=FFFFFF" srcset="https://i5.walmartimages.com/seo/Kraft-Singles-American-Cheese-Slices-24-Ct-Pk_fabca33f-f113-4c4d-9411-ef367a25aab0.a57331d93dba222943e1e0241cdffb36.jpeg?odnHeight=290&amp;odnWidth=290&amp;odnBg=FFFFFF 1x, https://i5.walmartimages.com/seo/Kraft-Singles-American-Cheese-Slices-24-Ct-Pk_fabca33f-f113-4c4d-9411-ef367a25aab0.a57331d93dba222943e1e0241cdffb36.jpeg?odnHeight=580&amp;odnWidth=580&amp;odnBg=FFFFFF 2x" width=""/></div><div class="z-2 relative mt3"><div class="relative dib flex-row-reverse" data-id="6903T7MTF5B4"><button aria-label="Add to cart - Kraft Singles American Cheese Slices, 24 Ct Pk" class="w_hhLG w_8nsR w_jDfj pointer bn sans-serif b ph2 flex items-center justify-center w-auto shadow-1" data-automation-id="add-to-cart" data-pcss-hide="true" type="button"><i class="ld ld-Plus" style="font-size:1.5rem;vertical-align:-0.25em;width:1.5rem;height:1.5rem;box-sizing:content-box" title="add to cart"></i><span class="mr2">Add</span></button></div></div></div><div class="mt3"></div></div><div class=""><div class="flex flex-wrap justify-start items-center lh-title mb1" data-automation-id="product-price"><div aria-hidden="true" class="mr1 mr2-xl b black lh-solid f5 f4-l"><span class="f3"></span><span class="f6 f5-l" style="vertical-align:0.65ex;margin-right:2px">$</span><span class="f2">4</span><span class="f6 f5-l" style="vertical-align:0.75ex">86</span></div><span class="w_iUH7">current price $4.86</span><div class="gray mr1 f6 f5-l flex items-end mt1">$4.86/lb</div></div><span class="w_V_DM" style="-webkit-line-clamp: 3; padding-bottom: 0.1em; margin-bottom: -0.1em;"><span class="normal dark-gray mb0 mt1 lh-title f6 f5-l lh-copy" data-automation-id="product-title">Kraft Singles American Cheese Slices, 24 Ct Pk</span></span><div class="mt2"><img alt="ebt" aria-hidden="true" class="v-mid pb1 mr2" height="20" loading="lazy" src="//i5.walmartimages.com/dfw/63fd9f59-2845/2044d79e-92d5-4c08-90a2-0480444a877f/v1/EBT-Logo.svg" width="30"/><span class="gray f6-l f5-m">EBT eligible</span></div><div></div><div class="mt2" data-automation-id="fulfillment-badge"><div class="f7 flex self-baseline dark-gray"><div>Pickup <span class="b">today</span></div></div></div></div></div></div></div></div></div><div class="w-100"><div class="w-100 dn-m db-l"><div class="w_3jM4 pa0" data-testid="search-video-in-grid"><span data-rendered="false" data-testid="lazy-render"></span></div></div></div><div class="mb0 ph0-xl pt0-xl bb b--near-white w-25 pb3-m ph1"><div class="h-100 pr4-xl pt3" io-id="2ERRRWY8NNKA" style="contain-intrinsic-size:198px 340px"><div class="sans-serif mid-gray relative flex flex-column w-100 hide-child-opacity" data-item-id="2ERRRWY8NNKA" role="group"><a class="w-100 h-100 z-1 hide-sibling-opacity absolute" href="/ip/Great-Value-Finely-Shredded-Low-Moisture-Part-Skim-Mozzarella-Cheese-8-oz-Bag/10452371?classType=REGULAR&amp;athbdg=L1300&amp;from=/search" link-identifier="10452371" target=""><span class="w_iUH7">Great Value Finely Shredded Low-Moisture Part-Skim Mozzarella Cheese, 8 oz Bag<!-- --> </span></a><div class="" data-testid="list-view"><div class=""><div class=""><div class="h2 relative nowrap mb1"><span class="w_VbBP w_WKt3 w_U23Z tag-leading-badge absolute" style="background:#DE1C24;color:#FFFFFF;border-radius:4px;font-weight:700">Rollback</span></div><div class="relative"><div class="relative overflow-hidden" style="max-width:290px;height:0;padding-bottom:min(290px, 100%);align-self:center;width:min(290px, 100%)"><span><button aria-label="Sign in to add to Favorites list, Great Value Finely Shredded Low-Moisture Part-Skim Mozzarella Cheese, 8 oz Bag" class="bg-white pointer pa0 black bn mt1 mr1 pa1 br4 absolute top-0 right-0 z-2" data-automation-id="heart-item" style="width: 32px; height: 32px;" type="button"><i aria-hidden="true" class="ld ld-Heart" style="font-size: 1.5rem; vertical-align: -0.25em; padding-top: 1px; width: 1.5rem; height: 1.5rem; box-sizing: content-box;"></i></button></span><img alt="Great Value Finely Shredded Low-Moisture Part-Skim Mozzarella Cheese, 8 oz Bag" class="absolute top-0 left-0" data-testid="productTileImage" height="" id="is-0-productImage-9" loading="lazy" src="https://i5.walmartimages.com/seo/Great-Value-Finely-Shredded-Low-Moisture-Part-Skim-Mozzarella-Cheese-8-oz-Bag_44660dd0-9402-4b99-89a7-effe4448d607.6804cfbc9e4e8abe7d4b5fd5ffc3c34b.jpeg?odnHeight=580&amp;odnWidth=580&amp;odnBg=FFFFFF" srcset="https://i5.walmartimages.com/seo/Great-Value-Finely-Shredded-Low-Moisture-Part-Skim-Mozzarella-Cheese-8-oz-Bag_44660dd0-9402-4b99-89a7-effe4448d607.6804cfbc9e4e8abe7d4b5fd5ffc3c34b.jpeg?odnHeight=290&amp;odnWidth=290&amp;odnBg=FFFFFF 1x, https://i5.walmartimages.com/seo/Great-Value-Finely-Shredded-Low-Moisture-Part-Skim-Mozzarella-Cheese-8-oz-Bag_44660dd0-9402-4b99-89a7-effe4448d607.6804cfbc9e4e8abe7d4b5fd5ffc3c34b.jpeg?odnHeight=580&amp;odnWidth=580&amp;odnBg=FFFFFF 2x" width=""/></div><div class="z-2 relative mt3"><div class="relative dib flex-row-reverse" data-id="2ERRRWY8NNKA"><button aria-label="Add to cart - Great Value Finely Shredded Low-Moisture Part-Skim Mozzarella Cheese, 8 oz Bag" class="w_hhLG w_8nsR w_jDfj pointer bn sans-serif b ph2 flex items-center justify-center w-auto shadow-1" data-automation-id="add-to-cart" data-pcss-hide="true" type="button"><i class="ld ld-Plus" style="font-size:1.5rem;vertical-align:-0.25em;width:1.5rem;height:1.5rem;box-sizing:content-box" title="add to cart"></i><span class="mr2">Add</span></button></div></div></div><div class="nt2" data-testid="variant-2ERRRWY8NNKA" style="height:24px"></div></div><div class=""><div class="flex flex-wrap justify-start items-center lh-title mb1" data-automation-id="product-price"><div aria-hidden="true" class="mr1 mr2-xl b black green lh-solid f5 f4-l"><span class="f3 mr1">Now</span><span class="f6 f5-l" style="vertical-align:0.65ex;margin-right:2px">$</span><span class="f2">1</span><span class="f6 f5-l" style="vertical-align:0.75ex">97</span></div><span class="w_iUH7">current price Now $1.97</span><div aria-hidden="true" class="gray mr1 strike f6 f4-l flex items-end mt1">$2.24</div><span class="w_iUH7">Was $2.24</span><div class="gray mr1 f6 f5-l flex items-end mt1">$3.94/lb</div></div><span class="w_V_DM" style="-webkit-line-clamp: 3; padding-bottom: 0.1em; margin-bottom: -0.1em;"><span class="normal dark-gray mb0 mt1 lh-title f6 f5-l lh-copy" data-automation-id="product-title">Great Value Finely Shredded Low-Moisture Part-Skim Mozzarella Cheese, 8 oz Bag</span></span><div class="mt2"><img alt="ebt" aria-hidden="true" class="v-mid pb1 mr2" height="20" loading="lazy" src="//i5.walmartimages.com/dfw/63fd9f59-2845/2044d79e-92d5-4c08-90a2-0480444a877f/v1/EBT-Logo.svg" width="30"/><span class="gray f6-l f5-m">EBT eligible</span></div><div></div><div class="mt2" data-automation-id="fulfillment-badge"><div class="f7 flex self-baseline dark-gray"><div>Pickup <span class="b">today</span></div></div></div></div></div></div></div></div></div><div class="ph1 pa0-xl bb b--near-white w-25"><div class="h-100 pb1-xl pr4-xl pv1 ph1"><section class="h-100 flex flex-column justify-center"><div class="flex center shadow-4 relative pointer black h-100 br3 justify-between flex-column w-100" style="box-shadow: rgba(0, 0, 0, 0.2) 2px 2px 8px 0px;"><a class="absolute h-100 z-1 flex-column w-100" href="https://www.walmart.com/shop/stock-up-event?povid=976759_tiletakeover_StockUpEvent_AllFood_Rweb_Feb_13" link-identifier="Generic Name"><span class="w_iUH7"></span></a><div class="relative flex h-100 items-start w-100" style="border-radius: 8px 8px 0px 0px; flex: 0 0 50%;"><img alt="Rollbacks &amp; more" class="relative db" height="fit-content" loading="lazy" src="https://i5.walmartimages.com/dfw/4ff9c6c9-84d0/k2-_370d02e8-b119-4df9-8d23-10614a523c54.v1.png" style="width: 100%; border-radius: 8px 8px 0px 0px; height: 100%; object-fit: contain;" width="fit-content"/></div><div class="flex center w-100 h-100" style="max-height: 240px; border-radius: 0px 0px 8px 8px; flex: 0 0 50%;"><div class="ph3 flex-grow-1 self-start mt4 mb6"><div class="relative"><div class="b mb0 tc f3">It's the Spring Stock-Up Event!</div><div class="mb1 mt2 tc f5">Save big on all your faves.</div><div class="tc"><div class="mt4 db"><button class="w_hhLG w_XK4d w_0_LY br-pill pv2 ph4 pointer bg-white z-2" style="color: black;" type="button">Shop now</button></div></div></div></div></div></div></section></div></div><div class="mb0 ph0-xl pt0-xl bb b--near-white w-25 pb3-m ph1"><div class="h-100 pr4-xl pt3" io-id="6X7ION20RG6H" style="contain-intrinsic-size: 198px 340px;"><div class="sans-serif mid-gray relative flex flex-column w-100 hide-child-opacity" data-item-id="6X7ION20RG6H" role="group"><a class="w-100 h-100 z-1 hide-sibling-opacity absolute" href="/ip/Formaggio-Cheese-Refrigerated-Marinated-Mozzarella-Balls-in-Pesto-12-oz-Tub/2150641380?classType=REGULAR&amp;from=/search" link-identifier="2150641380" target=""><span class="w_iUH7">Formaggio Cheese Refrigerated Marinated Mozzarella Balls in Pesto, 12 oz Tub </span></a><div class="" data-testid="list-view"><div class=""><div class=""><div class="h2 relative nowrap mb1"></div><div class="relative"><div class="relative overflow-hidden" style="max-width: 290px; height: 0px; padding-bottom: min(290px, 100%); align-self: center; width: min(290px, 100%);"><span><button aria-label="Sign in to add to Favorites list, Formaggio Cheese Refrigerated Marinated Mozzarella Balls in Pesto, 12 oz Tub" class="bg-white pointer pa0 black bn mt1 mr1 pa1 br4 absolute top-0 right-0 z-2" data-automation-id="heart-item" style="width: 32px; height: 32px;" type="button"><i aria-hidden="true" class="ld ld-Heart" style="font-size: 1.5rem; vertical-align: -0.25em; padding-top: 1px; width: 1.5rem; height: 1.5rem; box-sizing: content-box;"></i></button></span><img alt="Formaggio Cheese Refrigerated Marinated Mozzarella Balls in Pesto, 12 oz Tub" class="absolute top-0 left-0" data-testid="productTileImage" height="" id="is-0-productImage-11" loading="lazy" src="https://i5.walmartimages.com/seo/Formaggio-Cheese-Refrigerated-Marinated-Mozzarella-Balls-in-Pesto-12-oz-Tub_57756652-6cde-46ee-802f-da57efe30140.3d34d51b6f826db671f92130fc182366.jpeg?odnHeight=580&amp;odnWidth=580&amp;odnBg=FFFFFF" srcset="https://i5.walmartimages.com/seo/Formaggio-Cheese-Refrigerated-Marinated-Mozzarella-Balls-in-Pesto-12-oz-Tub_57756652-6cde-46ee-802f-da57efe30140.3d34d51b6f826db671f92130fc182366.jpeg?odnHeight=290&amp;odnWidth=290&amp;odnBg=FFFFFF 1x, https://i5.walmartimages.com/seo/Formaggio-Cheese-Refrigerated-Marinated-Mozzarella-Balls-in-Pesto-12-oz-Tub_57756652-6cde-46ee-802f-da57efe30140.3d34d51b6f826db671f92130fc182366.jpeg?odnHeight=580&amp;odnWidth=580&amp;odnBg=FFFFFF 2x" width=""/></div><div class="z-2 relative mt3"><div class="relative dib flex-row-reverse" data-id="6X7ION20RG6H"><button aria-label="Add to cart - Formaggio Cheese Refrigerated Marinated Mozzarella Balls in Pesto, 12 oz Tub" class="w_hhLG w_8nsR w_jDfj pointer bn sans-serif b ph2 flex items-center justify-center w-auto shadow-1" data-automation-id="add-to-cart" data-pcss-hide="true" type="button"><i class="ld ld-Plus" style="font-size: 1.5rem; vertical-align: -0.25em; width: 1.5rem; height: 1.5rem; box-sizing: content-box;" title="add to cart"></i><span class="mr2">Add</span></button></div></div></div><div class="nt2" data-testid="variant-6X7ION20RG6H" style="height: 24px;"></div></div><div class=""><div class="flex flex-wrap justify-start items-center lh-title mb1" data-automation-id="product-price"><div aria-hidden="true" class="mr1 mr2-xl b black lh-solid f5 f4-l"><span class="f3"></span><span class="f6 f5-l" style="vertical-align: 0.65ex; margin-right: 2px;">$</span><span class="f2">5</span><span class="f6 f5-l" style="vertical-align: 0.75ex;">98</span></div><span class="w_iUH7">current price $5.98</span><div class="gray mr1 f6 f5-l flex items-end mt1">$7.97/lb</div></div><span class="w_V_DM" style="-webkit-line-clamp: 3; padding-bottom: 0.1em; margin-bottom: -0.1em;"><span class="normal dark-gray mb0 mt1 lh-title f6 f5-l lh-copy" data-automation-id="product-title">Formaggio Cheese Refrigerated Marinated Mozzarella Balls in Pesto, 12 oz Tub</span></span><div class="mt2"><img alt="ebt" aria-hidden="true" class="v-mid pb1 mr2" height="20" loading="lazy" src="//i5.walmartimages.com/dfw/63fd9f59-2845/2044d79e-92d5-4c08-90a2-0480444a877f/v1/EBT-Logo.svg" width="30"/><span class="gray f6-l f5-m">EBT eligible</span></div><div></div><div class="mt2" data-automation-id="fulfillment-badge"><div class="f7 flex self-baseline dark-gray"><div>Pickup <span class="b">today</span></div></div></div></div></div></div></div></div></div><div class="mb0 ph0-xl pt0-xl bb b--near-white w-25 pb3-m ph1"><div class="h-100 pr4-xl pt3" io-id="4Q4XE3072I1W" style="contain-intrinsic-size: 198px 340px;"><div class="sans-serif mid-gray relative flex flex-column w-100 hide-child-opacity" data-item-id="4Q4XE3072I1W" role="group"><a class="w-100 h-100 z-1 hide-sibling-opacity absolute" href="https://www.walmart.com/sp/track?bt=1&amp;eventST=click&amp;plmt=sp-search-middle~desktop~&amp;pos=12&amp;tax=976759_9176907_1001468_4800400&amp;rdf=1&amp;rd=https%3A%2F%2Fwww.walmart.com%2Fip%2FLactaid-Cottage-Cheese-16-oz%2F676432153%3FclassType%3DREGULAR%26adsRedirect%3Dtrue&amp;adUid=6637d0d3-798d-45f2-bbf3-e039cb0f7a20&amp;mloc=sp-search-middle&amp;pltfm=desktop&amp;pgId=cheese&amp;pt=search&amp;spQs=WmS-JIHO3dz9BeTQAyqKlWM38dncf0jwRpEqhQehdSXra9DoaHmmkQVBTTD39iQmSYi65TyzOdacWhIGMnKowKJLOqR3N38sb7AkodFIxRHttWxheKmQ97jsWI9ESWwz39Q0gBYg3vMv55vr5CwPq50JOGtYMwJ6qN53bxQjBKuUdiWbK5hkR7epgTwWh1lKehKEpZJvy3hPmULqpfhY9W-nziNto-aUQZW3KKnjQ3j_QltLH1CWZ6gNJs04MXOC&amp;storeId=3795&amp;specificity=broad&amp;specificityScore=0.16032135&amp;couponState=na&amp;bkt=ace1_default%7Cace2_default%7Cace3_11293%7Cbb_11237%7Ccoldstart_on%7Csearch_Inhouse_ANN_Launch_Web&amp;classType=REGULAR" link-identifier="676432153" target=""><span class="w_iUH7">Lactaid Lactose-Free 4% Cottage Cheese, 16 oz </span></a><div class="" data-testid="list-view"><div class=""><div class=""><div class="h2 relative nowrap mb1"></div><div class="relative"><div class="relative overflow-hidden" style="max-width: 290px; height: 0px; padding-bottom: min(290px, 100%); align-self: center; width: min(290px, 100%);"><span><button aria-label="Sign in to add to Favorites list, Lactaid Lactose-Free 4% Cottage Cheese, 16 oz" class="bg-white pointer pa0 black bn mt1 mr1 pa1 br4 absolute top-0 right-0 z-2" data-automation-id="heart-item" style="width: 32px; height: 32px;" type="button"><i aria-hidden="true" class="ld ld-Heart" style="font-size: 1.5rem; vertical-align: -0.25em; padding-top: 1px; width: 1.5rem; height: 1.5rem; box-sizing: content-box;"></i></button></span><img alt="Lactaid Lactose-Free 4% Cottage Cheese, 16 oz" class="absolute top-0 left-0" data-testid="productTileImage" height="" id="is-0-productImage-12" loading="lazy" src="https://i5.walmartimages.com/seo/Lactaid-Lactose-Free-4-Cottage-Cheese-16-oz_6305bddf-6a53-40bd-bbea-648f30fea17f.d387adfcfb6683cfd748d1e702d847a9.jpeg?odnHeight=580&amp;odnWidth=580&amp;odnBg=FFFFFF" srcset="https://i5.walmartimages.com/seo/Lactaid-Lactose-Free-4-Cottage-Cheese-16-oz_6305bddf-6a53-40bd-bbea-648f30fea17f.d387adfcfb6683cfd748d1e702d847a9.jpeg?odnHeight=290&amp;odnWidth=290&amp;odnBg=FFFFFF 1x, https://i5.walmartimages.com/seo/Lactaid-Lactose-Free-4-Cottage-Cheese-16-oz_6305bddf-6a53-40bd-bbea-648f30fea17f.d387adfcfb6683cfd748d1e702d847a9.jpeg?odnHeight=580&amp;odnWidth=580&amp;odnBg=FFFFFF 2x" width=""/></div><div class="z-2 relative mt3"><div class="relative dib flex-row-reverse" data-id="4Q4XE3072I1W"><button aria-label="Add to cart - Lactaid Lactose-Free 4% Cottage Cheese, 16 oz" class="w_hhLG w_8nsR w_jDfj pointer bn sans-serif b ph2 flex items-center justify-center w-auto shadow-1" data-automation-id="add-to-cart" data-pcss-hide="true" type="button"><i class="ld ld-Plus" style="font-size: 1.5rem; vertical-align: -0.25em; width: 1.5rem; height: 1.5rem; box-sizing: content-box;" title="add to cart"></i><span class="mr2">Add</span></button></div></div></div><div class="mt2 mb1" data-testid="variant-4Q4XE3072I1W" style="height: 24px;"><div class="flex items-center lh-title h2-l normal"><div class="gray f7 flex items-center"><div>Sponsored</div><div class="z-2"><button aria-label="Ad disclaimer and feedback" class="w_hhLG w_DZvO w_0_LY pointer pl1 no-underline pt3 pb3" title="Ad disclaimer and feedback" type="button"><i class="ld ld-InfoCircle" style="font-size: 1rem; vertical-align: -0.175em; width: 1rem; height: 1rem; box-sizing: content-box;"></i></button></div></div></div></div></div><div class=""><div class="flex flex-wrap justify-start items-center lh-title mb1" data-automation-id="product-price"><div aria-hidden="true" class="mr1 mr2-xl b black lh-solid f5 f4-l"><span class="f3"></span><span class="f6 f5-l" style="vertical-align: 0.65ex; margin-right: 2px;">$</span><span class="f2">3</span><span class="f6 f5-l" style="vertical-align: 0.75ex;">38</span></div><span class="w_iUH7">current price $3.38</span><div class="gray mr1 f6 f5-l flex items-end mt1">$3.38/lb</div></div><span class="w_V_DM" style="-webkit-line-clamp: 3; padding-bottom: 0.1em; margin-bottom: -0.1em;"><span class="normal dark-gray mb0 mt1 lh-title f6 f5-l lh-copy" data-automation-id="product-title">Lactaid Lactose-Free 4% Cottage Cheese, 16 oz</span></span><div class="flex items-center mt2"><div class="w_ExHd w_y6ym mr1"><svg class="w_D5ag w_6H0I w_1jp4" viewbox="0 0 22 22" xmlns="http://www.w3.org/2000/svg"><path d="m13.562 7.028.17.354.387.062 6.226.999c.011.002.029.008.047.034.018.026.03.063.023.106a.133.133 0 0 1-.034.073l-4.476 4.64-.274.284.079.387 1.321 6.467c.009.042 0 .08-.017.109-.018.028-.036.036-.049.04a.04.04 0 0 1-.014 0 .05.05 0 0 1-.017-.006l-5.926-3.032-.341-.175-.342.175-5.926 3.032a.046.046 0 0 1-.02.006c-.004 0-.01 0-.017-.003-.013-.004-.034-.017-.05-.05a.155.155 0 0 1-.01-.096l1.322-6.467.079-.387-.274-.284-4.477-4.64a.136.136 0 0 1-.035-.095c0-.042.014-.075.034-.096a.067.067 0 0 1 .037-.022l6.226-.999.388-.062.17-.354 2.83-5.892c.016-.033.037-.045.05-.05a.045.045 0 0 1 .018-.003c.004 0 .01.002.02.007a.1.1 0 0 1 .04.046l2.832 5.892Z"></path></svg><svg class="w_D5ag w_6H0I w_1jp4" viewbox="0 0 22 22" xmlns="http://www.w3.org/2000/svg"><path d="m13.562 7.028.17.354.387.062 6.226.999c.011.002.029.008.047.034.018.026.03.063.023.106a.133.133 0 0 1-.034.073l-4.476 4.64-.274.284.079.387 1.321 6.467c.009.042 0 .08-.017.109-.018.028-.036.036-.049.04a.04.04 0 0 1-.014 0 .05.05 0 0 1-.017-.006l-5.926-3.032-.341-.175-.342.175-5.926 3.032a.046.046 0 0 1-.02.006c-.004 0-.01 0-.017-.003-.013-.004-.034-.017-.05-.05a.155.155 0 0 1-.01-.096l1.322-6.467.079-.387-.274-.284-4.477-4.64a.136.136 0 0 1-.035-.095c0-.042.014-.075.034-.096a.067.067 0 0 1 .037-.022l6.226-.999.388-.062.17-.354 2.83-5.892c.016-.033.037-.045.05-.05a.045.045 0 0 1 .018-.003c.004 0 .01.002.02.007a.1.1 0 0 1 .04.046l2.832 5.892Z"></path></svg><svg class="w_D5ag w_6H0I w_1jp4" viewbox="0 0 22 22" xmlns="http://www.w3.org/2000/svg"><path d="m13.562 7.028.17.354.387.062 6.226.999c.011.002.029.008.047.034.018.026.03.063.023.106a.133.133 0 0 1-.034.073l-4.476 4.64-.274.284.079.387 1.321 6.467c.009.042 0 .08-.017.109-.018.028-.036.036-.049.04a.04.04 0 0 1-.014 0 .05.05 0 0 1-.017-.006l-5.926-3.032-.341-.175-.342.175-5.926 3.032a.046.046 0 0 1-.02.006c-.004 0-.01 0-.017-.003-.013-.004-.034-.017-.05-.05a.155.155 0 0 1-.01-.096l1.322-6.467.079-.387-.274-.284-4.477-4.64a.136.136 0 0 1-.035-.095c0-.042.014-.075.034-.096a.067.067 0 0 1 .037-.022l6.226-.999.388-.062.17-.354 2.83-5.892c.016-.033.037-.045.05-.05a.045.045 0 0 1 .018-.003c.004 0 .01.002.02.007a.1.1 0 0 1 .04.046l2.832 5.892Z"></path></svg><svg class="w_D5ag w_6H0I w_eDrS" viewbox="0 0 22 22" xmlns="http://www.w3.org/2000/svg"><path d="m13.562 7.028.17.354.387.062 6.226.999c.011.002.029.008.047.034.018.026.03.063.023.106a.133.133 0 0 1-.034.073l-4.476 4.64-.274.284.079.387 1.321 6.467c.009.042 0 .08-.017.109-.018.028-.036.036-.049.04a.04.04 0 0 1-.014 0 .05.05 0 0 1-.017-.006l-5.926-3.032-.341-.175-.342.175-5.926 3.032a.046.046 0 0 1-.02.006c-.004 0-.01 0-.017-.003-.013-.004-.034-.017-.05-.05a.155.155 0 0 1-.01-.096l1.322-6.467.079-.387-.274-.284-4.477-4.64a.136.136 0 0 1-.035-.095c0-.042.014-.075.034-.096a.067.067 0 0 1 .037-.022l6.226-.999.388-.062.17-.354 2.83-5.892c.016-.033.037-.045.05-.05a.045.045 0 0 1 .018-.003c.004 0 .01.002.02.007a.1.1 0 0 1 .04.046l2.832 5.892Z"></path></svg><svg class="w_D5ag w_6H0I w_eDrS" viewbox="0 0 22 22" xmlns="http://www.w3.org/2000/svg"><path d="m13.562 7.028.17.354.387.062 6.226.999c.011.002.029.008.047.034.018.026.03.063.023.106a.133.133 0 0 1-.034.073l-4.476 4.64-.274.284.079.387 1.321 6.467c.009.042 0 .08-.017.109-.018.028-.036.036-.049.04a.04.04 0 0 1-.014 0 .05.05 0 0 1-.017-.006l-5.926-3.032-.341-.175-.342.175-5.926 3.032a.046.046 0 0 1-.02.006c-.004 0-.01 0-.017-.003-.013-.004-.034-.017-.05-.05a.155.155 0 0 1-.01-.096l1.322-6.467.079-.387-.274-.284-4.477-4.64a.136.136 0 0 1-.035-.095c0-.042.014-.075.034-.096a.067.067 0 0 1 .037-.022l6.226-.999.388-.062.17-.354 2.83-5.892c.016-.033.037-.045.05-.05a.045.045 0 0 1 .018-.003c.004 0 .01.002.02.007a.1.1 0 0 1 .04.046l2.832 5.892Z"></path></svg></div><span aria-hidden="true" class="sans-serif gray f7" data-testid="product-reviews" data-value="690">690</span><span class="w_iUH7">3.2 out of 5 Stars. 690 reviews</span></div><div class="mt2"><img alt="ebt" aria-hidden="true" class="v-mid pb1 mr2" height="20" loading="lazy" src="//i5.walmartimages.com/dfw/63fd9f59-2845/2044d79e-92d5-4c08-90a2-0480444a877f/v1/EBT-Logo.svg" width="30"/><span class="gray f6-l f5-m">EBT eligible</span></div><div></div><div class="mt2" data-automation-id="fulfillment-badge"><div class="f7 flex self-baseline dark-gray"><div>Pickup <span class="b">today</span></div></div></div></div></div></div></div></div></div><div class="mb0 ph0-xl pt0-xl bb b--near-white w-25 pb3-m ph1"><div class="h-100 pr4-xl pt3" io-id="4IL8O5PF0L6A" style="contain-intrinsic-size: 198px 340px;"><div class="sans-serif mid-gray relative flex flex-column w-100 hide-child-opacity" data-item-id="4IL8O5PF0L6A" role="group"><a class="w-100 h-100 z-1 hide-sibling-opacity absolute" href="/ip/Cello-Everyday-Cheese-Flight-Dijon-Herb-Fontal-Irish-Cheddar-Smoked-Gouda-Wedge-Variety-Pack-1-lb-Tray/5880765860?classType=REGULAR&amp;from=/search" link-identifier="5880765860" target=""><span class="w_iUH7">Cello Everyday Cheese Flight Dijon Herb Fontal, Irish Cheddar, &amp; Smoked Gouda Wedge Variety Pack, 1 lb Tray </span></a><div class="" data-testid="list-view"><div class=""><div class=""><div class="h2 relative nowrap mb1"></div><div class="relative"><div class="relative overflow-hidden" style="max-width: 290px; height: 0px; padding-bottom: min(290px, 100%); align-self: center; width: min(290px, 100%);"><span><button aria-label="Sign in to add to Favorites list, Cello Everyday Cheese Flight Dijon Herb Fontal, Irish Cheddar, &amp; Smoked Gouda Wedge Variety Pack, 1 lb Tray" class="bg-white pointer pa0 black bn mt1 mr1 pa1 br4 absolute top-0 right-0 z-2" data-automation-id="heart-item" style="width: 32px; height: 32px;" type="button"><i aria-hidden="true" class="ld ld-Heart" style="font-size: 1.5rem; vertical-align: -0.25em; padding-top: 1px; width: 1.5rem; height: 1.5rem; box-sizing: content-box;"></i></button></span><img alt="Cello Everyday Cheese Flight Dijon Herb Fontal, Irish Cheddar, &amp; Smoked Gouda Wedge Variety Pack, 1 lb Tray" class="absolute top-0 left-0" data-testid="productTileImage" height="" id="is-0-productImage-13" loading="lazy" src="https://i5.walmartimages.com/seo/Cello-Everyday-Cheese-Flight-Dijon-Herb-Fontal-Irish-Cheddar-Smoked-Gouda-Wedge-Variety-Pack-1-lb-Tray_4223a262-de1e-4048-b754-b8511afe240d.371262670d8312454b70234da9258ab8.jpeg?odnHeight=580&amp;odnWidth=580&amp;odnBg=FFFFFF" srcset="https://i5.walmartimages.com/seo/Cello-Everyday-Cheese-Flight-Dijon-Herb-Fontal-Irish-Cheddar-Smoked-Gouda-Wedge-Variety-Pack-1-lb-Tray_4223a262-de1e-4048-b754-b8511afe240d.371262670d8312454b70234da9258ab8.jpeg?odnHeight=290&amp;odnWidth=290&amp;odnBg=FFFFFF 1x, https://i5.walmartimages.com/seo/Cello-Everyday-Cheese-Flight-Dijon-Herb-Fontal-Irish-Cheddar-Smoked-Gouda-Wedge-Variety-Pack-1-lb-Tray_4223a262-de1e-4048-b754-b8511afe240d.371262670d8312454b70234da9258ab8.jpeg?odnHeight=580&amp;odnWidth=580&amp;odnBg=FFFFFF 2x" width=""/></div><div class="z-2 relative mt3"><div class="relative dib flex-row-reverse" data-id="4IL8O5PF0L6A"><button aria-label="Add to cart - Cello Everyday Cheese Flight Dijon Herb Fontal, Irish Cheddar, &amp; Smoked Gouda Wedge Variety Pack, 1 lb Tray" class="w_hhLG w_8nsR w_jDfj pointer bn sans-serif b ph2 flex items-center justify-center w-auto shadow-1" data-automation-id="add-to-cart" data-pcss-hide="true" type="button"><i class="ld ld-Plus" style="font-size: 1.5rem; vertical-align: -0.25em; width: 1.5rem; height: 1.5rem; box-sizing: content-box;" title="add to cart"></i><span class="mr2">Add</span></button></div></div></div><div class="mt3"></div></div><div class=""><div class="flex flex-wrap justify-start items-center lh-title mb1" data-automation-id="product-price"><div aria-hidden="true" class="mr1 mr2-xl b black lh-solid f5 f4-l"><span class="f3"></span><span class="f6 f5-l" style="vertical-align: 0.65ex; margin-right: 2px;">$</span><span class="f2">9</span><span class="f6 f5-l" style="vertical-align: 0.75ex;">92</span></div><span class="w_iUH7">current price $9.92</span><div class="gray mr1 f6 f5-l flex items-end mt1">$15.87/lb</div></div><span class="w_V_DM" style="-webkit-line-clamp: 3; padding-bottom: 0.1em; margin-bottom: -0.1em;"><span class="normal dark-gray mb0 mt1 lh-title f6 f5-l lh-copy" data-automation-id="product-title">Cello Everyday Cheese Flight Dijon Herb Fontal, Irish Cheddar, &amp; Smoked Gouda Wedge Variety Pack, 1 lb Tray</span></span><div class="mt2"><img alt="ebt" aria-hidden="true" class="v-mid pb1 mr2" height="20" loading="lazy" src="//i5.walmartimages.com/dfw/63fd9f59-2845/2044d79e-92d5-4c08-90a2-0480444a877f/v1/EBT-Logo.svg" width="30"/><span class="gray f6-l f5-m">EBT eligible</span></div><div></div><div class="mt2" data-automation-id="fulfillment-badge"><div class="f7 flex self-baseline dark-gray"><div>Pickup <span class="b">today</span></div></div></div></div></div></div></div></div></div><div class="mb0 ph0-xl pt0-xl bb b--near-white w-25 pb3-m ph1"><div class="h-100 pr4-xl pt3" io-id="7624PCBJCVVK" style="contain-intrinsic-size: 198px 340px;"><div class="sans-serif mid-gray relative flex flex-column w-100 hide-child-opacity" data-item-id="7624PCBJCVVK" role="group"><a class="w-100 h-100 z-1 hide-sibling-opacity absolute" href="/ip/PRIMA-DONNA-GOUDA-WEDGE-MATURO-5-3OZ-10-CS/5907000512?classType=REGULAR&amp;from=/search" link-identifier="5907000512" target=""><span class="w_iUH7">Prima Donna Maturo Aged Gouda Cheese Wedge, 5.3 oz </span></a><div class="" data-testid="list-view"><div class=""><div class=""><div class="h2 relative nowrap mb1"></div><div class="relative"><div class="relative overflow-hidden" style="max-width: 290px; height: 0px; padding-bottom: min(290px, 100%); align-self: center; width: min(290px, 100%);"><span><button aria-label="Sign in to add to Favorites list, Prima Donna Maturo Aged Gouda Cheese Wedge, 5.3 oz" class="bg-white pointer pa0 black bn mt1 mr1 pa1 br4 absolute top-0 right-0 z-2" data-automation-id="heart-item" style="width: 32px; height: 32px;" type="button"><i aria-hidden="true" class="ld ld-Heart" style="font-size: 1.5rem; vertical-align: -0.25em; padding-top: 1px; width: 1.5rem; height: 1.5rem; box-sizing: content-box;"></i></button></span><img alt="Prima Donna Maturo Aged Gouda Cheese Wedge, 5.3 oz" class="absolute top-0 left-0" data-testid="productTileImage" height="" id="is-0-productImage-14" loading="lazy" src="https://i5.walmartimages.com/seo/Prima-Donna-Maturo-Aged-Gouda-Cheese-Wedge-5-3-oz_29dc0170-4581-4f7f-bf16-2352c1a5eb95.28265cccba22c737cade65b0a6fd3753.jpeg?odnHeight=580&amp;odnWidth=580&amp;odnBg=FFFFFF" srcset="https://i5.walmartimages.com/seo/Prima-Donna-Maturo-Aged-Gouda-Cheese-Wedge-5-3-oz_29dc0170-4581-4f7f-bf16-2352c1a5eb95.28265cccba22c737cade65b0a6fd3753.jpeg?odnHeight=290&amp;odnWidth=290&amp;odnBg=FFFFFF 1x, https://i5.walmartimages.com/seo/Prima-Donna-Maturo-Aged-Gouda-Cheese-Wedge-5-3-oz_29dc0170-4581-4f7f-bf16-2352c1a5eb95.28265cccba22c737cade65b0a6fd3753.jpeg?odnHeight=580&amp;odnWidth=580&amp;odnBg=FFFFFF 2x" width=""/></div><div class="z-2 relative mt3"><div class="relative dib flex-row-reverse" data-id="7624PCBJCVVK"><button aria-label="Add to cart - Prima Donna Maturo Aged Gouda Cheese Wedge, 5.3 oz" class="w_hhLG w_8nsR w_jDfj pointer bn sans-serif b ph2 flex items-center justify-center w-auto shadow-1" data-automation-id="add-to-cart" data-pcss-hide="true" type="button"><i class="ld ld-Plus" style="font-size: 1.5rem; vertical-align: -0.25em; width: 1.5rem; height: 1.5rem; box-sizing: content-box;" title="add to cart"></i><span class="mr2">Add</span></button></div></div></div><div class="mt3"></div></div><div class=""><div class="flex flex-wrap justify-start items-center lh-title mb1" data-automation-id="product-price"><div aria-hidden="true" class="mr1 mr2-xl b black lh-solid f5 f4-l"><span class="f3"></span><span class="f6 f5-l" style="vertical-align: 0.65ex; margin-right: 2px;">$</span><span class="f2">5</span><span class="f6 f5-l" style="vertical-align: 0.75ex;">24</span></div><span class="w_iUH7">current price $5.24</span><div class="gray mr1 f6 f5-l flex items-end mt1">$15.82/lb</div></div><span class="w_V_DM" style="-webkit-line-clamp: 3; padding-bottom: 0.1em; margin-bottom: -0.1em;"><span class="normal dark-gray mb0 mt1 lh-title f6 f5-l lh-copy" data-automation-id="product-title">Prima Donna Maturo Aged Gouda Cheese Wedge, 5.3 oz</span></span><div class="mt2"><img alt="ebt" aria-hidden="true" class="v-mid pb1 mr2" height="20" loading="lazy" src="//i5.walmartimages.com/dfw/63fd9f59-2845/2044d79e-92d5-4c08-90a2-0480444a877f/v1/EBT-Logo.svg" width="30"/><span class="gray f6-l f5-m">EBT eligible</span></div><div></div><div class="mt2" data-automation-id="fulfillment-badge"><div class="f7 flex self-baseline dark-gray"><div>Pickup <span class="b">today</span></div></div></div></div></div></div></div></div></div><div class="mb0 ph0-xl pt0-xl bb b--near-white w-25 pb3-m ph1"><div class="h-100 pr4-xl pt3" io-id="2HJ119K3Z10Y" style="contain-intrinsic-size: 198px 340px;"><div class="sans-serif mid-gray relative flex flex-column w-100 hide-child-opacity" data-item-id="2HJ119K3Z10Y" role="group"><a class="w-100 h-100 z-1 hide-sibling-opacity absolute" href="/ip/Great-Value-Singles-American-Pasteurized-Prepared-Cheese-Product-16-oz-24-Count/10452423?classType=REGULAR&amp;athbdg=L1600&amp;from=/search" link-identifier="10452423" target=""><span class="w_iUH7">Great Value Singles American Pasteurized Prepared Cheese Product, 16 oz, 24 Count </span></a><div class="" data-testid="list-view"><div class=""><div class=""><div class="h2 relative nowrap mb1"><span class="w_VbBP w_mFV6 w_I_19 w_3oNC w_AAn7 tag-leading-badge absolute" style="background: rgb(230, 241, 252); color: rgb(0, 79, 154); border-radius: 4px; font-weight: 700;">Best seller</span></div><div class="relative"><div class="relative overflow-hidden" style="max-width: 290px; height: 0px; padding-bottom: min(290px, 100%); align-self: center; width: min(290px, 100%);"><span><button aria-label="Sign in to add to Favorites list, Great Value Singles American Pasteurized Prepared Cheese Product, 16 oz, 24 Count" class="bg-white pointer pa0 black bn mt1 mr1 pa1 br4 absolute top-0 right-0 z-2" data-automation-id="heart-item" style="width: 32px; height: 32px;" type="button"><i aria-hidden="true" class="ld ld-Heart" style="font-size: 1.5rem; vertical-align: -0.25em; padding-top: 1px; width: 1.5rem; height: 1.5rem; box-sizing: content-box;"></i></button></span><img alt="Great Value Singles American Pasteurized Prepared Cheese Product, 16 oz, 24 Count" class="absolute top-0 left-0" data-testid="productTileImage" height="" id="is-0-productImage-15" loading="lazy" src="https://i5.walmartimages.com/seo/Great-Value-Singles-American-Pasteurized-Prepared-Cheese-Product-16-oz-24-Count_2c5a6207-c4db-46ff-a7b8-e6ce421a2b43.5d8f1343e92c0c49e013228f4a344dea.jpeg?odnHeight=580&amp;odnWidth=580&amp;odnBg=FFFFFF" srcset="https://i5.walmartimages.com/seo/Great-Value-Singles-American-Pasteurized-Prepared-Cheese-Product-16-oz-24-Count_2c5a6207-c4db-46ff-a7b8-e6ce421a2b43.5d8f1343e92c0c49e013228f4a344dea.jpeg?odnHeight=290&amp;odnWidth=290&amp;odnBg=FFFFFF 1x, https://i5.walmartimages.com/seo/Great-Value-Singles-American-Pasteurized-Prepared-Cheese-Product-16-oz-24-Count_2c5a6207-c4db-46ff-a7b8-e6ce421a2b43.5d8f1343e92c0c49e013228f4a344dea.jpeg?odnHeight=580&amp;odnWidth=580&amp;odnBg=FFFFFF 2x" width=""/></div><div class="z-2 relative mt3"><div class="relative dib flex-row-reverse" data-id="2HJ119K3Z10Y"><button aria-label="Add to cart - Great Value Singles American Pasteurized Prepared Cheese Product, 16 oz, 24 Count" class="w_hhLG w_8nsR w_jDfj pointer bn sans-serif b ph2 flex items-center justify-center w-auto shadow-1" data-automation-id="add-to-cart" data-pcss-hide="true" type="button"><i class="ld ld-Plus" style="font-size: 1.5rem; vertical-align: -0.25em; width: 1.5rem; height: 1.5rem; box-sizing: content-box;" title="add to cart"></i><span class="mr2">Add</span></button></div></div></div><div class="mt3"></div></div><div class=""><div class="flex flex-wrap justify-start items-center lh-title mb1" data-automation-id="product-price"><div aria-hidden="true" class="mr1 mr2-xl b black lh-solid f5 f4-l"><span class="f3"></span><span class="f6 f5-l" style="vertical-align: 0.65ex; margin-right: 2px;">$</span><span class="f2">2</span><span class="f6 f5-l" style="vertical-align: 0.75ex;">38</span></div><span class="w_iUH7">current price $2.38</span><div class="gray mr1 f6 f5-l flex items-end mt1">$2.38/lb</div></div><span class="w_V_DM" style="-webkit-line-clamp: 3; padding-bottom: 0.1em; margin-bottom: -0.1em;"><span class="normal dark-gray mb0 mt1 lh-title f6 f5-l lh-copy" data-automation-id="product-title">Great Value Singles American Pasteurized Prepared Cheese Product, 16 oz, 24 Count</span></span><div class="mt2"><img alt="ebt" aria-hidden="true" class="v-mid pb1 mr2" height="20" loading="lazy" src="//i5.walmartimages.com/dfw/63fd9f59-2845/2044d79e-92d5-4c08-90a2-0480444a877f/v1/EBT-Logo.svg" width="30"/><span class="gray f6-l f5-m">EBT eligible</span></div><div></div><div class="mt2" data-automation-id="fulfillment-badge"><div class="f7 flex self-baseline dark-gray"><div>Pickup <span class="b">today</span></div></div></div></div></div></div></div></div></div><div class="mb0 ph0-xl pt0-xl bb b--near-white w-25 pb3-m ph1"><div class="h-100 pr4-xl pt3" io-id="5HX2SSYYDB2H" style="contain-intrinsic-size: 198px 340px;"><div class="sans-serif mid-gray relative flex flex-column w-100 hide-child-opacity" data-item-id="5HX2SSYYDB2H" role="group"><a class="w-100 h-100 z-1 hide-sibling-opacity absolute" href="/ip/Great-Value-Deli-Style-Sliced-Colby-Monterey-Jack-Cheese-8-oz-12-Slices-Plastic-Packaging/51517697?classType=REGULAR&amp;from=/search" link-identifier="51517697" target=""><span class="w_iUH7">Great Value Deli Style Sliced Colby &amp; Monterey Jack Cheese, 8 oz, 12 Slices (Plastic Packaging) </span></a><div class="" data-testid="list-view"><div class=""><div class=""><div class="h2 relative nowrap mb1"></div><div class="relative"><div class="relative overflow-hidden" style="max-width: 290px; height: 0px; padding-bottom: min(290px, 100%); align-self: center; width: min(290px, 100%);"><span><button aria-label="Sign in to add to Favorites list, Great Value Deli Style Sliced Colby &amp; Monterey Jack Cheese, 8 oz, 12 Slices (Plastic Packaging)" class="bg-white pointer pa0 black bn mt1 mr1 pa1 br4 absolute top-0 right-0 z-2" data-automation-id="heart-item" style="width: 32px; height: 32px;" type="button"><i aria-hidden="true" class="ld ld-Heart" style="font-size: 1.5rem; vertical-align: -0.25em; padding-top: 1px; width: 1.5rem; height: 1.5rem; box-sizing: content-box;"></i></button></span><img alt="Great Value Deli Style Sliced Colby &amp; Monterey Jack Cheese, 8 oz, 12 Slices (Plastic Packaging)" class="absolute top-0 left-0" data-testid="productTileImage" height="" id="is-0-productImage-16" loading="lazy" src="https://i5.walmartimages.com/seo/Great-Value-Deli-Style-Sliced-Colby-Monterey-Jack-Cheese-8-oz-12-Slices-Plastic-Packaging_e9d397d0-d599-4fdc-bf0c-782af44b2e74.9bd7c578fb823f091ae0d54945552874.jpeg?odnHeight=580&amp;odnWidth=580&amp;odnBg=FFFFFF" srcset="https://i5.walmartimages.com/seo/Great-Value-Deli-Style-Sliced-Colby-Monterey-Jack-Cheese-8-oz-12-Slices-Plastic-Packaging_e9d397d0-d599-4fdc-bf0c-782af44b2e74.9bd7c578fb823f091ae0d54945552874.jpeg?odnHeight=290&amp;odnWidth=290&amp;odnBg=FFFFFF 1x, https://i5.walmartimages.com/seo/Great-Value-Deli-Style-Sliced-Colby-Monterey-Jack-Cheese-8-oz-12-Slices-Plastic-Packaging_e9d397d0-d599-4fdc-bf0c-782af44b2e74.9bd7c578fb823f091ae0d54945552874.jpeg?odnHeight=580&amp;odnWidth=580&amp;odnBg=FFFFFF 2x" width=""/></div><div class="z-2 relative mt3"><div class="relative dib flex-row-reverse" data-id="5HX2SSYYDB2H"><button aria-label="Add to cart - Great Value Deli Style Sliced Colby &amp; Monterey Jack Cheese, 8 oz, 12 Slices (Plastic Packaging)" class="w_hhLG w_8nsR w_jDfj pointer bn sans-serif b ph2 flex items-center justify-center w-auto shadow-1" data-automation-id="add-to-cart" data-pcss-hide="true" type="button"><i class="ld ld-Plus" style="font-size: 1.5rem; vertical-align: -0.25em; width: 1.5rem; height: 1.5rem; box-sizing: content-box;" title="add to cart"></i><span class="mr2">Add</span></button></div></div></div><div class="mt3"></div></div><div class=""><div class="flex flex-wrap justify-start items-center lh-title mb1" data-automation-id="product-price"><div aria-hidden="true" class="mr1 mr2-xl b black lh-solid f5 f4-l"><span class="f3"></span><span class="f6 f5-l" style="vertical-align: 0.65ex; margin-right: 2px;">$</span><span class="f2">2</span><span class="f6 f5-l" style="vertical-align: 0.75ex;">24</span></div><span class="w_iUH7">current price $2.24</span><div class="gray mr1 f6 f5-l flex items-end mt1">$4.48/lb</div></div><span class="w_V_DM" style="-webkit-line-clamp: 3; padding-bottom: 0.1em; margin-bottom: -0.1em;"><span class="normal dark-gray mb0 mt1 lh-title f6 f5-l lh-copy" data-automation-id="product-title">Great Value Deli Style Sliced Colby &amp; Monterey Jack Cheese, 8 oz, 12 Slices (Plastic Packaging)</span></span><div class="mt2"><img alt="ebt" aria-hidden="true" class="v-mid pb1 mr2" height="20" loading="lazy" src="//i5.walmartimages.com/dfw/63fd9f59-2845/2044d79e-92d5-4c08-90a2-0480444a877f/v1/EBT-Logo.svg" width="30"/><span class="gray f6-l f5-m">EBT eligible</span></div><div></div><div class="mt2" data-automation-id="fulfillment-badge"><div class="f7 flex self-baseline dark-gray"><div>Pickup <span class="b">today</span></div></div></div></div></div></div></div></div></div><div class="mb0 ph0-xl pt0-xl bb b--near-white w-25 pb3-m ph1"><div class="h-100 pr4-xl pt3" io-id="1BO25ONXEUBH" style="contain-intrinsic-size: 198px 340px;"><div class="sans-serif mid-gray relative flex flex-column w-100 hide-child-opacity" data-item-id="1BO25ONXEUBH" role="group"><a class="w-100 h-100 z-1 hide-sibling-opacity absolute" href="/ip/Great-Value-Finely-Shredded-Mild-Cheddar-Cheese-8-oz/10452370?classType=REGULAR&amp;athbdg=L1300&amp;from=/search" link-identifier="10452370" target=""><span class="w_iUH7">Great Value Finely Shredded Mild Cheddar Cheese, 8 oz </span></a><div class="" data-testid="list-view"><div class=""><div class=""><div class="h2 relative nowrap mb1"><span class="w_VbBP w_WKt3 w_U23Z tag-leading-badge absolute" style="background: rgb(222, 28, 36); color: rgb(255, 255, 255); border-radius: 4px; font-weight: 700;">Rollback</span></div><div class="relative"><div class="relative overflow-hidden" style="max-width: 290px; height: 0px; padding-bottom: min(290px, 100%); align-self: center; width: min(290px, 100%);"><span><button aria-label="Sign in to add to Favorites list, Great Value Finely Shredded Mild Cheddar Cheese, 8 oz" class="bg-white pointer pa0 black bn mt1 mr1 pa1 br4 absolute top-0 right-0 z-2" data-automation-id="heart-item" style="width: 32px; height: 32px;" type="button"><i aria-hidden="true" class="ld ld-Heart" style="font-size: 1.5rem; vertical-align: -0.25em; padding-top: 1px; width: 1.5rem; height: 1.5rem; box-sizing: content-box;"></i></button></span><img alt="Great Value Finely Shredded Mild Cheddar Cheese, 8 oz" class="absolute top-0 left-0" data-testid="productTileImage" height="" id="is-0-productImage-17" loading="lazy" src="https://i5.walmartimages.com/seo/Great-Value-Finely-Shredded-Mild-Cheddar-Cheese-8-oz_8502ddc0-bdf0-42c2-be27-189e0e671477.b9d05d14cb098ed72bd8e84843566e1c.jpeg?odnHeight=580&amp;odnWidth=580&amp;odnBg=FFFFFF" srcset="https://i5.walmartimages.com/seo/Great-Value-Finely-Shredded-Mild-Cheddar-Cheese-8-oz_8502ddc0-bdf0-42c2-be27-189e0e671477.b9d05d14cb098ed72bd8e84843566e1c.jpeg?odnHeight=290&amp;odnWidth=290&amp;odnBg=FFFFFF 1x, https://i5.walmartimages.com/seo/Great-Value-Finely-Shredded-Mild-Cheddar-Cheese-8-oz_8502ddc0-bdf0-42c2-be27-189e0e671477.b9d05d14cb098ed72bd8e84843566e1c.jpeg?odnHeight=580&amp;odnWidth=580&amp;odnBg=FFFFFF 2x" width=""/></div><div class="z-2 relative mt3"><div class="relative dib flex-row-reverse" data-id="1BO25ONXEUBH"><button aria-label="Add to cart - Great Value Finely Shredded Mild Cheddar Cheese, 8 oz" class="w_hhLG w_8nsR w_jDfj pointer bn sans-serif b ph2 flex items-center justify-center w-auto shadow-1" data-automation-id="add-to-cart" data-pcss-hide="true" type="button"><i class="ld ld-Plus" style="font-size: 1.5rem; vertical-align: -0.25em; width: 1.5rem; height: 1.5rem; box-sizing: content-box;" title="add to cart"></i><span class="mr2">Add</span></button></div></div></div><div class="mt3"></div></div><div class=""><div class="flex flex-wrap justify-start items-center lh-title mb1" data-automation-id="product-price"><div aria-hidden="true" class="mr1 mr2-xl b black green lh-solid f5 f4-l"><span class="f3 mr1">Now</span><span class="f6 f5-l" style="vertical-align: 0.65ex; margin-right: 2px;">$</span><span class="f2">1</span><span class="f6 f5-l" style="vertical-align: 0.75ex;">97</span></div><span class="w_iUH7">current price Now $1.97</span><div aria-hidden="true" class="gray mr1 strike f6 f4-l flex items-end mt1">$2.24</div><span class="w_iUH7">Was $2.24</span><div class="gray mr1 f6 f5-l flex items-end mt1">$3.94/lb</div></div><span class="w_V_DM" style="-webkit-line-clamp: 3; padding-bottom: 0.1em; margin-bottom: -0.1em;"><span class="normal dark-gray mb0 mt1 lh-title f6 f5-l lh-copy" data-automation-id="product-title">Great Value Finely Shredded Mild Cheddar Cheese, 8 oz</span></span><div class="mt2"><img alt="ebt" aria-hidden="true" class="v-mid pb1 mr2" height="20" loading="lazy" src="//i5.walmartimages.com/dfw/63fd9f59-2845/2044d79e-92d5-4c08-90a2-0480444a877f/v1/EBT-Logo.svg" width="30"/><span class="gray f6-l f5-m">EBT eligible</span></div><div></div><div class="mt2" data-automation-id="fulfillment-badge"><div class="f7 flex self-baseline dark-gray"><div>Pickup <span class="b">today</span></div></div></div></div></div></div></div></div></div><div class="mb0 ph0-xl pt0-xl bb b--near-white w-25 pb3-m ph1"><div class="h-100 pr4-xl pt3" io-id="1UT8RSDKJJUI" style="contain-intrinsic-size: 198px 340px;"><div class="sans-serif mid-gray relative flex flex-column w-100 hide-child-opacity" data-item-id="1UT8RSDKJJUI" role="group"><a class="w-100 h-100 z-1 hide-sibling-opacity absolute" href="/ip/Great-Value-Block-Colby-Monterey-Jack-Cheese-8-oz/34186940?classType=REGULAR&amp;from=/search" link-identifier="34186940" target=""><span class="w_iUH7">Great Value Block Colby &amp; Monterey Jack Cheese, 8 oz </span></a><div class="" data-testid="list-view"><div class=""><div class=""><div class="h2 relative nowrap mb1"></div><div class="relative"><div class="relative overflow-hidden" style="max-width: 290px; height: 0px; padding-bottom: min(290px, 100%); align-self: center; width: min(290px, 100%);"><span><button aria-label="Sign in to add to Favorites list, Great Value Block Colby &amp; Monterey Jack Cheese, 8 oz" class="bg-white pointer pa0 black bn mt1 mr1 pa1 br4 absolute top-0 right-0 z-2" data-automation-id="heart-item" style="width: 32px; height: 32px;" type="button"><i aria-hidden="true" class="ld ld-Heart" style="font-size: 1.5rem; vertical-align: -0.25em; padding-top: 1px; width: 1.5rem; height: 1.5rem; box-sizing: content-box;"></i></button></span><img alt="Great Value Block Colby &amp; Monterey Jack Cheese, 8 oz" class="absolute top-0 left-0" data-testid="productTileImage" height="" id="is-0-productImage-18" loading="lazy" src="https://i5.walmartimages.com/seo/Great-Value-Block-Colby-Monterey-Jack-Cheese-8-oz_ae906948-4393-40f1-b72c-551f5818a1be.132f19b5b9fa5a26f5d2ca2615c06125.jpeg?odnHeight=580&amp;odnWidth=580&amp;odnBg=FFFFFF" srcset="https://i5.walmartimages.com/seo/Great-Value-Block-Colby-Monterey-Jack-Cheese-8-oz_ae906948-4393-40f1-b72c-551f5818a1be.132f19b5b9fa5a26f5d2ca2615c06125.jpeg?odnHeight=290&amp;odnWidth=290&amp;odnBg=FFFFFF 1x, https://i5.walmartimages.com/seo/Great-Value-Block-Colby-Monterey-Jack-Cheese-8-oz_ae906948-4393-40f1-b72c-551f5818a1be.132f19b5b9fa5a26f5d2ca2615c06125.jpeg?odnHeight=580&amp;odnWidth=580&amp;odnBg=FFFFFF 2x" width=""/></div><div class="z-2 relative mt3"><div class="relative dib flex-row-reverse" data-id="1UT8RSDKJJUI"><button aria-label="Add to cart - Great Value Block Colby &amp; Monterey Jack Cheese, 8 oz" class="w_hhLG w_8nsR w_jDfj pointer bn sans-serif b ph2 flex items-center justify-center w-auto shadow-1" data-automation-id="add-to-cart" data-pcss-hide="true" type="button"><i class="ld ld-Plus" style="font-size: 1.5rem; vertical-align: -0.25em; width: 1.5rem; height: 1.5rem; box-sizing: content-box;" title="add to cart"></i><span class="mr2">Add</span></button></div></div></div><div class="mt3"></div></div><div class=""><div class="flex flex-wrap justify-start items-center lh-title mb1" data-automation-id="product-price"><div aria-hidden="true" class="mr1 mr2-xl b black lh-solid f5 f4-l"><span class="f3"></span><span class="f6 f5-l" style="vertical-align: 0.65ex; margin-right: 2px;">$</span><span class="f2">2</span><span class="f6 f5-l" style="vertical-align: 0.75ex;">24</span></div><span class="w_iUH7">current price $2.24</span><div class="gray mr1 f6 f5-l flex items-end mt1">$4.48/lb</div></div><span class="w_V_DM" style="-webkit-line-clamp: 3; padding-bottom: 0.1em; margin-bottom: -0.1em;"><span class="normal dark-gray mb0 mt1 lh-title f6 f5-l lh-copy" data-automation-id="product-title">Great Value Block Colby &amp; Monterey Jack Cheese, 8 oz</span></span><div class="mt2"><img alt="ebt" aria-hidden="true" class="v-mid pb1 mr2" height="20" loading="lazy" src="//i5.walmartimages.com/dfw/63fd9f59-2845/2044d79e-92d5-4c08-90a2-0480444a877f/v1/EBT-Logo.svg" width="30"/><span class="gray f6-l f5-m">EBT eligible</span></div><div></div><div class="mt2" data-automation-id="fulfillment-badge"><div class="f7 flex self-baseline dark-gray"><div>Pickup <span class="b">today</span></div></div></div></div></div></div></div></div></div><div class="mb0 ph0-xl pt0-xl bb b--near-white w-25 pb3-m ph1"><div class="h-100 pr4-xl pt3" io-id="0TBUMVHLV73U" style="contain-intrinsic-size: 198px 340px;"><div class="sans-serif mid-gray relative flex flex-column w-100 hide-child-opacity" data-item-id="0TBUMVHLV73U" role="group"><a class="w-100 h-100 z-1 hide-sibling-opacity absolute" href="/ip/Great-Value-Block-Sharp-Cheddar-Cheese-8-oz/34186946?classType=REGULAR&amp;from=/search" link-identifier="34186946" target=""><span class="w_iUH7">Great Value Block Sharp Cheddar Cheese, 8 oz </span></a><div class="" data-testid="list-view"><div class=""><div class=""><div class="h2 relative nowrap mb1"></div><div class="relative"><div class="relative overflow-hidden" style="max-width: 290px; height: 0px; padding-bottom: min(290px, 100%); align-self: center; width: min(290px, 100%);"><span><button aria-label="Sign in to add to Favorites list, Great Value Block Sharp Cheddar Cheese, 8 oz" class="bg-white pointer pa0 black bn mt1 mr1 pa1 br4 absolute top-0 right-0 z-2" data-automation-id="heart-item" style="width: 32px; height: 32px;" type="button"><i aria-hidden="true" class="ld ld-Heart" style="font-size: 1.5rem; vertical-align: -0.25em; padding-top: 1px; width: 1.5rem; height: 1.5rem; box-sizing: content-box;"></i></button></span><img alt="Great Value Block Sharp Cheddar Cheese, 8 oz" class="absolute top-0 left-0" data-testid="productTileImage" height="" id="is-0-productImage-19" loading="lazy" src="https://i5.walmartimages.com/seo/Great-Value-Block-Sharp-Cheddar-Cheese-8-oz_02e6f5eb-e1b7-4bab-9fd5-5a1705bd19e4.442e2dc5fc0d825b7f23979b4cfcd805.jpeg?odnHeight=580&amp;odnWidth=580&amp;odnBg=FFFFFF" srcset="https://i5.walmartimages.com/seo/Great-Value-Block-Sharp-Cheddar-Cheese-8-oz_02e6f5eb-e1b7-4bab-9fd5-5a1705bd19e4.442e2dc5fc0d825b7f23979b4cfcd805.jpeg?odnHeight=290&amp;odnWidth=290&amp;odnBg=FFFFFF 1x, https://i5.walmartimages.com/seo/Great-Value-Block-Sharp-Cheddar-Cheese-8-oz_02e6f5eb-e1b7-4bab-9fd5-5a1705bd19e4.442e2dc5fc0d825b7f23979b4cfcd805.jpeg?odnHeight=580&amp;odnWidth=580&amp;odnBg=FFFFFF 2x" width=""/></div><div class="z-2 relative mt3"><div class="relative dib flex-row-reverse" data-id="0TBUMVHLV73U"><button aria-label="Add to cart - Great Value Block Sharp Cheddar Cheese, 8 oz" class="w_hhLG w_8nsR w_jDfj pointer bn sans-serif b ph2 flex items-center justify-center w-auto shadow-1" data-automation-id="add-to-cart" data-pcss-hide="true" type="button"><i class="ld ld-Plus" style="font-size: 1.5rem; vertical-align: -0.25em; width: 1.5rem; height: 1.5rem; box-sizing: content-box;" title="add to cart"></i><span class="mr2">Add</span></button></div></div></div><div class="mt3"></div></div><div class=""><div class="flex flex-wrap justify-start items-center lh-title mb1" data-automation-id="product-price"><div aria-hidden="true" class="mr1 mr2-xl b black lh-solid f5 f4-l"><span class="f3"></span><span class="f6 f5-l" style="vertical-align: 0.65ex; margin-right: 2px;">$</span><span class="f2">2</span><span class="f6 f5-l" style="vertical-align: 0.75ex;">24</span></div><span class="w_iUH7">current price $2.24</span><div class="gray mr1 f6 f5-l flex items-end mt1">$4.48/lb</div></div><span class="w_V_DM" style="-webkit-line-clamp: 3; padding-bottom: 0.1em; margin-bottom: -0.1em;"><span class="normal dark-gray mb0 mt1 lh-title f6 f5-l lh-copy" data-automation-id="product-title">Great Value Block Sharp Cheddar Cheese, 8 oz</span></span><div class="mt2"><img alt="ebt" aria-hidden="true" class="v-mid pb1 mr2" height="20" loading="lazy" src="//i5.walmartimages.com/dfw/63fd9f59-2845/2044d79e-92d5-4c08-90a2-0480444a877f/v1/EBT-Logo.svg" width="30"/><span class="gray f6-l f5-m">EBT eligible</span></div><div></div><div class="mt2" data-automation-id="fulfillment-badge"><div class="f7 flex self-baseline dark-gray"><div>Pickup <span class="b">today</span></div></div></div></div></div></div></div></div></div><div class="mb0 ph0-xl pt0-xl bb b--near-white w-25 pb3-m ph1"><div class="h-100 pr4-xl pt3" io-id="2GZZ5UTF9LUB" style="contain-intrinsic-size: 198px 340px;"><div class="sans-serif mid-gray relative flex flex-column w-100 hide-child-opacity" data-item-id="2GZZ5UTF9LUB" role="group"><a class="w-100 h-100 z-1 hide-sibling-opacity absolute" href="/ip/Great-Value-Block-Sharp-Cheddar-Cheese-16-oz/10452385?classType=REGULAR&amp;from=/search" link-identifier="10452385" target=""><span class="w_iUH7">Great Value Block Sharp Cheddar Cheese, 16 oz </span></a><div class="" data-testid="list-view"><div class=""><div class=""><div class="h2 relative nowrap mb1"></div><div class="relative"><div class="relative overflow-hidden" style="max-width: 290px; height: 0px; padding-bottom: min(290px, 100%); align-self: center; width: min(290px, 100%);"><span><button aria-label="Sign in to add to Favorites list, Great Value Block Sharp Cheddar Cheese, 16 oz" class="bg-white pointer pa0 black bn mt1 mr1 pa1 br4 absolute top-0 right-0 z-2" data-automation-id="heart-item" style="width: 32px; height: 32px;" type="button"><i aria-hidden="true" class="ld ld-Heart" style="font-size: 1.5rem; vertical-align: -0.25em; padding-top: 1px; width: 1.5rem; height: 1.5rem; box-sizing: content-box;"></i></button></span><img alt="Great Value Block Sharp Cheddar Cheese, 16 oz" class="absolute top-0 left-0" data-testid="productTileImage" height="" id="is-0-productImage-20" loading="lazy" src="https://i5.walmartimages.com/seo/Great-Value-Block-Sharp-Cheddar-Cheese-16-oz_1d30bb5f-11e0-439d-98b0-a43dccc9a8f5.bc418dff1da1d23cd5db80a5186cf6ce.jpeg?odnHeight=580&amp;odnWidth=580&amp;odnBg=FFFFFF" srcset="https://i5.walmartimages.com/seo/Great-Value-Block-Sharp-Cheddar-Cheese-16-oz_1d30bb5f-11e0-439d-98b0-a43dccc9a8f5.bc418dff1da1d23cd5db80a5186cf6ce.jpeg?odnHeight=290&amp;odnWidth=290&amp;odnBg=FFFFFF 1x, https://i5.walmartimages.com/seo/Great-Value-Block-Sharp-Cheddar-Cheese-16-oz_1d30bb5f-11e0-439d-98b0-a43dccc9a8f5.bc418dff1da1d23cd5db80a5186cf6ce.jpeg?odnHeight=580&amp;odnWidth=580&amp;odnBg=FFFFFF 2x" width=""/></div><div class="z-2 relative mt3"><div class="relative dib flex-row-reverse" data-id="2GZZ5UTF9LUB"><button aria-label="Add to cart - Great Value Block Sharp Cheddar Cheese, 16 oz" class="w_hhLG w_8nsR w_jDfj pointer bn sans-serif b ph2 flex items-center justify-center w-auto shadow-1" data-automation-id="add-to-cart" data-pcss-hide="true" type="button"><i class="ld ld-Plus" style="font-size: 1.5rem; vertical-align: -0.25em; width: 1.5rem; height: 1.5rem; box-sizing: content-box;" title="add to cart"></i><span class="mr2">Add</span></button></div></div></div><div class="mt3"></div></div><div class=""><div class="flex flex-wrap justify-start items-center lh-title mb1" data-automation-id="product-price"><div aria-hidden="true" class="mr1 mr2-xl b black lh-solid f5 f4-l"><span class="f3"></span><span class="f6 f5-l" style="vertical-align: 0.65ex; margin-right: 2px;">$</span><span class="f2">4</span><span class="f6 f5-l" style="vertical-align: 0.75ex;">22</span></div><span class="w_iUH7">current price $4.22</span><div class="gray mr1 f6 f5-l flex items-end mt1">$4.22/lb</div></div><span class="w_V_DM" style="-webkit-line-clamp: 3; padding-bottom: 0.1em; margin-bottom: -0.1em;"><span class="normal dark-gray mb0 mt1 lh-title f6 f5-l lh-copy" data-automation-id="product-title">Great Value Block Sharp Cheddar Cheese, 16 oz</span></span><div class="mt2"><img alt="ebt" aria-hidden="true" class="v-mid pb1 mr2" height="20" loading="lazy" src="//i5.walmartimages.com/dfw/63fd9f59-2845/2044d79e-92d5-4c08-90a2-0480444a877f/v1/EBT-Logo.svg" width="30"/><span class="gray f6-l f5-m">EBT eligible</span></div><div></div><div class="mt2" data-automation-id="fulfillment-badge"><div class="f7 flex self-baseline dark-gray"><div>Pickup <span class="b">today</span></div></div></div></div></div></div></div></div></div><div class="mb0 ph0-xl pt0-xl bb b--near-white w-25 pb3-m ph1"><div class="h-100 pr4-xl pt3" io-id="79SPZEJRJ203" style="contain-intrinsic-size: 198px 340px;"><div class="sans-serif mid-gray relative flex flex-column w-100 hide-child-opacity" data-item-id="79SPZEJRJ203" role="group"><a class="w-100 h-100 z-1 hide-sibling-opacity absolute" href="https://www.walmart.com/sp/track?bt=1&amp;eventST=click&amp;plmt=sp-search-middle~desktop~&amp;pos=21&amp;tax=976759_9176907_1001468_4800400&amp;rdf=1&amp;rd=https%3A%2F%2Fwww.walmart.com%2Fip%2FCabot-Creamery-Bar-Extra-Sharp-Cheddar-Cheese-8-oz-Refridgerated-Vacuum-Pack%2F10315505%3FclassType%3DREGULAR%26athbdg%3DL1600%26adsRedirect%3Dtrue&amp;adUid=6637d0d3-798d-45f2-bbf3-e039cb0f7a20&amp;mloc=sp-search-middle&amp;pltfm=desktop&amp;pgId=cheese&amp;pt=search&amp;spQs=Jp1IkDeWKzfwXzwSPZ4fm7Bem6L6adYFFLBFLUzWJ-k8bnBc28s0HB9Uqlz2FnbddBddAdLFkOsOdwifk-siMaJLOqR3N38sb7AkodFIxREzJrmIntbzViQbWfmr-arP52RyPkqOodYRn_GGXCgWqPGuSOSMQVeb2H1isfLJJQis7xS7CXeW4J22gbPFUJFJxDRQmXuGI3HzPSNx_EdB5FaLt_8NTu83DZGEf25Y5WOSd5iE4P8Yr6rCWHhabDSS&amp;storeId=3795&amp;specificity=broad&amp;specificityScore=0.16032135&amp;couponState=na&amp;bkt=ace1_default%7Cace2_default%7Cace3_11293%7Cbb_11237%7Ccoldstart_on%7Csearch_Inhouse_ANN_Launch_Web&amp;classType=REGULAR&amp;athbdg=L1600" link-identifier="10315505" target=""><span class="w_iUH7">Cabot Creamery Extra Sharp Cheddar Cheese Bar 8 oz (Refrigerated) </span></a><div class="" data-testid="list-view"><div class=""><div class=""><div class="h2 relative nowrap mb1"><span class="w_VbBP w_mFV6 w_I_19 w_3oNC w_AAn7 tag-leading-badge absolute" style="background: rgb(230, 241, 252); color: rgb(0, 79, 154); border-radius: 4px; font-weight: 700;">Best seller</span></div><div class="relative"><div class="relative overflow-hidden" style="max-width: 290px; height: 0px; padding-bottom: min(290px, 100%); align-self: center; width: min(290px, 100%);"><span><button aria-label="Sign in to add to Favorites list, Cabot Creamery Extra Sharp Cheddar Cheese Bar 8 oz (Refrigerated)" class="bg-white pointer pa0 black bn mt1 mr1 pa1 br4 absolute top-0 right-0 z-2" data-automation-id="heart-item" style="width: 32px; height: 32px;" type="button"><i aria-hidden="true" class="ld ld-Heart" style="font-size: 1.5rem; vertical-align: -0.25em; padding-top: 1px; width: 1.5rem; height: 1.5rem; box-sizing: content-box;"></i></button></span><img alt="Cabot Creamery Extra Sharp Cheddar Cheese Bar 8 oz (Refrigerated)" class="absolute top-0 left-0" data-testid="productTileImage" height="" id="is-0-productImage-21" loading="lazy" src="https://i5.walmartimages.com/seo/Cabot-Creamery-Extra-Sharp-Cheddar-Cheese-Bar-8-oz-Refrigerated_27fff4b9-b473-48df-a0aa-2eb5705fcf45.cd54b6790ed68e2e072e0d02ca6ff60e.jpeg?odnHeight=580&amp;odnWidth=580&amp;odnBg=FFFFFF" srcset="https://i5.walmartimages.com/seo/Cabot-Creamery-Extra-Sharp-Cheddar-Cheese-Bar-8-oz-Refrigerated_27fff4b9-b473-48df-a0aa-2eb5705fcf45.cd54b6790ed68e2e072e0d02ca6ff60e.jpeg?odnHeight=290&amp;odnWidth=290&amp;odnBg=FFFFFF 1x, https://i5.walmartimages.com/seo/Cabot-Creamery-Extra-Sharp-Cheddar-Cheese-Bar-8-oz-Refrigerated_27fff4b9-b473-48df-a0aa-2eb5705fcf45.cd54b6790ed68e2e072e0d02ca6ff60e.jpeg?odnHeight=580&amp;odnWidth=580&amp;odnBg=FFFFFF 2x" width=""/></div><div class="z-2 relative mt3"><div class="relative dib flex-row-reverse" data-id="79SPZEJRJ203"><button aria-label="Add to cart - Cabot Creamery Extra Sharp Cheddar Cheese Bar 8 oz (Refrigerated)" class="w_hhLG w_8nsR w_jDfj pointer bn sans-serif b ph2 flex items-center justify-center w-auto shadow-1" data-automation-id="add-to-cart" data-pcss-hide="true" type="button"><i class="ld ld-Plus" style="font-size: 1.5rem; vertical-align: -0.25em; width: 1.5rem; height: 1.5rem; box-sizing: content-box;" title="add to cart"></i><span class="mr2">Add</span></button></div></div></div><div class="mt2 mb1" data-testid="variant-79SPZEJRJ203" style="height: 24px;"><div class="flex items-center lh-title h2-l normal"><div class="gray f7 flex items-center"><div>Sponsored</div><div class="z-2"><button aria-label="Ad disclaimer and feedback" class="w_hhLG w_DZvO w_0_LY pointer pl1 no-underline pt3 pb3" title="Ad disclaimer and feedback" type="button"><i class="ld ld-InfoCircle" style="font-size: 1rem; vertical-align: -0.175em; width: 1rem; height: 1rem; box-sizing: content-box;"></i></button></div></div></div></div></div><div class=""><div class="flex flex-wrap justify-start items-center lh-title mb1" data-automation-id="product-price"><div aria-hidden="true" class="mr1 mr2-xl b black lh-solid f5 f4-l"><span class="f3"></span><span class="f6 f5-l" style="vertical-align: 0.65ex; margin-right: 2px;">$</span><span class="f2">2</span><span class="f6 f5-l" style="vertical-align: 0.75ex;">87</span></div><span class="w_iUH7">current price $2.87</span><div class="gray mr1 f6 f5-l flex items-end mt1">$5.74/lb</div></div><span class="w_V_DM" style="-webkit-line-clamp: 3; padding-bottom: 0.1em; margin-bottom: -0.1em;"><span class="normal dark-gray mb0 mt1 lh-title f6 f5-l lh-copy" data-automation-id="product-title">Cabot Creamery Extra Sharp Cheddar Cheese Bar 8 oz (Refrigerated)</span></span><div class="flex items-center mt2"><div class="w_ExHd w_y6ym mr1"><svg class="w_D5ag w_6H0I w_1jp4" viewbox="0 0 22 22" xmlns="http://www.w3.org/2000/svg"><path d="m13.562 7.028.17.354.387.062 6.226.999c.011.002.029.008.047.034.018.026.03.063.023.106a.133.133 0 0 1-.034.073l-4.476 4.64-.274.284.079.387 1.321 6.467c.009.042 0 .08-.017.109-.018.028-.036.036-.049.04a.04.04 0 0 1-.014 0 .05.05 0 0 1-.017-.006l-5.926-3.032-.341-.175-.342.175-5.926 3.032a.046.046 0 0 1-.02.006c-.004 0-.01 0-.017-.003-.013-.004-.034-.017-.05-.05a.155.155 0 0 1-.01-.096l1.322-6.467.079-.387-.274-.284-4.477-4.64a.136.136 0 0 1-.035-.095c0-.042.014-.075.034-.096a.067.067 0 0 1 .037-.022l6.226-.999.388-.062.17-.354 2.83-5.892c.016-.033.037-.045.05-.05a.045.045 0 0 1 .018-.003c.004 0 .01.002.02.007a.1.1 0 0 1 .04.046l2.832 5.892Z"></path></svg><svg class="w_D5ag w_6H0I w_1jp4" viewbox="0 0 22 22" xmlns="http://www.w3.org/2000/svg"><path d="m13.562 7.028.17.354.387.062 6.226.999c.011.002.029.008.047.034.018.026.03.063.023.106a.133.133 0 0 1-.034.073l-4.476 4.64-.274.284.079.387 1.321 6.467c.009.042 0 .08-.017.109-.018.028-.036.036-.049.04a.04.04 0 0 1-.014 0 .05.05 0 0 1-.017-.006l-5.926-3.032-.341-.175-.342.175-5.926 3.032a.046.046 0 0 1-.02.006c-.004 0-.01 0-.017-.003-.013-.004-.034-.017-.05-.05a.155.155 0 0 1-.01-.096l1.322-6.467.079-.387-.274-.284-4.477-4.64a.136.136 0 0 1-.035-.095c0-.042.014-.075.034-.096a.067.067 0 0 1 .037-.022l6.226-.999.388-.062.17-.354 2.83-5.892c.016-.033.037-.045.05-.05a.045.045 0 0 1 .018-.003c.004 0 .01.002.02.007a.1.1 0 0 1 .04.046l2.832 5.892Z"></path></svg><svg class="w_D5ag w_6H0I w_1jp4" viewbox="0 0 22 22" xmlns="http://www.w3.org/2000/svg"><path d="m13.562 7.028.17.354.387.062 6.226.999c.011.002.029.008.047.034.018.026.03.063.023.106a.133.133 0 0 1-.034.073l-4.476 4.64-.274.284.079.387 1.321 6.467c.009.042 0 .08-.017.109-.018.028-.036.036-.049.04a.04.04 0 0 1-.014 0 .05.05 0 0 1-.017-.006l-5.926-3.032-.341-.175-.342.175-5.926 3.032a.046.046 0 0 1-.02.006c-.004 0-.01 0-.017-.003-.013-.004-.034-.017-.05-.05a.155.155 0 0 1-.01-.096l1.322-6.467.079-.387-.274-.284-4.477-4.64a.136.136 0 0 1-.035-.095c0-.042.014-.075.034-.096a.067.067 0 0 1 .037-.022l6.226-.999.388-.062.17-.354 2.83-5.892c.016-.033.037-.045.05-.05a.045.045 0 0 1 .018-.003c.004 0 .01.002.02.007a.1.1 0 0 1 .04.046l2.832 5.892Z"></path></svg><svg class="w_D5ag w_6H0I w_1jp4" viewbox="0 0 22 22" xmlns="http://www.w3.org/2000/svg"><path d="m13.562 7.028.17.354.387.062 6.226.999c.011.002.029.008.047.034.018.026.03.063.023.106a.133.133 0 0 1-.034.073l-4.476 4.64-.274.284.079.387 1.321 6.467c.009.042 0 .08-.017.109-.018.028-.036.036-.049.04a.04.04 0 0 1-.014 0 .05.05 0 0 1-.017-.006l-5.926-3.032-.341-.175-.342.175-5.926 3.032a.046.046 0 0 1-.02.006c-.004 0-.01 0-.017-.003-.013-.004-.034-.017-.05-.05a.155.155 0 0 1-.01-.096l1.322-6.467.079-.387-.274-.284-4.477-4.64a.136.136 0 0 1-.035-.095c0-.042.014-.075.034-.096a.067.067 0 0 1 .037-.022l6.226-.999.388-.062.17-.354 2.83-5.892c.016-.033.037-.045.05-.05a.045.045 0 0 1 .018-.003c.004 0 .01.002.02.007a.1.1 0 0 1 .04.046l2.832 5.892Z"></path></svg><svg class="w_D5ag w_6H0I w_eDrS" viewbox="0 0 22 22" xmlns="http://www.w3.org/2000/svg"><path d="m13.562 7.028.17.354.387.062 6.226.999c.011.002.029.008.047.034.018.026.03.063.023.106a.133.133 0 0 1-.034.073l-4.476 4.64-.274.284.079.387 1.321 6.467c.009.042 0 .08-.017.109-.018.028-.036.036-.049.04a.04.04 0 0 1-.014 0 .05.05 0 0 1-.017-.006l-5.926-3.032-.341-.175-.342.175-5.926 3.032a.046.046 0 0 1-.02.006c-.004 0-.01 0-.017-.003-.013-.004-.034-.017-.05-.05a.155.155 0 0 1-.01-.096l1.322-6.467.079-.387-.274-.284-4.477-4.64a.136.136 0 0 1-.035-.095c0-.042.014-.075.034-.096a.067.067 0 0 1 .037-.022l6.226-.999.388-.062.17-.354 2.83-5.892c.016-.033.037-.045.05-.05a.045.045 0 0 1 .018-.003c.004 0 .01.002.02.007a.1.1 0 0 1 .04.046l2.832 5.892Z"></path></svg></div><span aria-hidden="true" class="sans-serif gray f7" data-testid="product-reviews" data-value="129">129</span><span class="w_iUH7">3.9 out of 5 Stars. 129 reviews</span></div><div class="mt2"><img alt="ebt" aria-hidden="true" class="v-mid pb1 mr2" height="20" loading="lazy" src="//i5.walmartimages.com/dfw/63fd9f59-2845/2044d79e-92d5-4c08-90a2-0480444a877f/v1/EBT-Logo.svg" width="30"/><span class="gray f6-l f5-m">EBT eligible</span></div><div></div><div class="mt2" data-automation-id="fulfillment-badge"><div class="f7 flex self-baseline dark-gray"><div>Pickup <span class="b">today</span></div></div></div></div></div></div></div></div></div><div class="mb0 ph0-xl pt0-xl bb b--near-white w-25 pb3-m ph1"><div class="h-100 pr4-xl pt3" io-id="7EZWZT4SKAY0" style="contain-intrinsic-size: 198px 340px;"><div class="sans-serif mid-gray relative flex flex-column w-100 hide-child-opacity" data-item-id="7EZWZT4SKAY0" role="group"><a class="w-100 h-100 z-1 hide-sibling-opacity absolute" href="https://www.walmart.com/sp/track?bt=1&amp;eventST=click&amp;plmt=sp-search-middle~desktop~&amp;pos=22&amp;tax=976759_9176907_1001468_4800400&amp;rdf=1&amp;rd=https%3A%2F%2Fwww.walmart.com%2Fip%2FBabybel-Original-Flavored-Snack-Cheese-12-7-oz-18-Count-Net-Refrigerated%2F1352857318%3FclassType%3DREGULAR%26athbdg%3DL1600%26adsRedirect%3Dtrue&amp;adUid=6637d0d3-798d-45f2-bbf3-e039cb0f7a20&amp;mloc=sp-search-middle&amp;pltfm=desktop&amp;pgId=cheese&amp;pt=search&amp;spQs=fVcWiRwFBztuR_dql-EofZVDCH5SK1ZjuFhGZ5Javi7M88p3biebnWZfczOJdhzpH6yKfyXdWWB0ufH2hLmwPJHKrOacVQ9kEZdY9evO3lo8ykQiXKKyQ1520vxlLmveJQxJk5GXbGhTGJ7tq6tFVWJ7Vt7ZO-PWie_csYHfSkcyISAr3O4O2KVAK8-HfXyMhrwf5aKCQv5nrlQOlxBEcZP77eqgW3OSManGEVp-3qx6EoSlkm_LeE-ZQuql-Fj1b6fOI22j5pRBlbcoqeNDeP9CW0sfUJZnqA0mzTgxc4I&amp;storeId=3795&amp;specificity=broad&amp;specificityScore=0.16032135&amp;couponState=na&amp;bkt=ace1_default%7Cace2_default%7Cace3_11293%7Cbb_11237%7Ccoldstart_on%7Csearch_Inhouse_ANN_Launch_Web&amp;classType=REGULAR&amp;athbdg=L1600" link-identifier="1352857318" target=""><span class="w_iUH7">Babybel Original Flavored Snack Cheese, 12.7 oz, 18 Count Net. Refrigerated </span></a><div class="" data-testid="list-view"><div class=""><div class=""><div class="h2 relative nowrap mb1"><span class="w_VbBP w_mFV6 w_I_19 w_3oNC w_AAn7 tag-leading-badge absolute" style="background: rgb(230, 241, 252); color: rgb(0, 79, 154); border-radius: 4px; font-weight: 700;">Best seller</span></div><div class="relative"><div class="relative overflow-hidden" style="max-width: 290px; height: 0px; padding-bottom: min(290px, 100%); align-self: center; width: min(290px, 100%);"><span><button aria-label="Sign in to add to Favorites list, Babybel Original Flavored Snack Cheese, 12.7 oz, 18 Count Net. Refrigerated" class="bg-white pointer pa0 black bn mt1 mr1 pa1 br4 absolute top-0 right-0 z-2" data-automation-id="heart-item" style="width: 32px; height: 32px;" type="button"><i aria-hidden="true" class="ld ld-Heart" style="font-size: 1.5rem; vertical-align: -0.25em; padding-top: 1px; width: 1.5rem; height: 1.5rem; box-sizing: content-box;"></i></button></span><img alt="Babybel Original Flavored Snack Cheese, 12.7 oz, 18 Count Net. Refrigerated" class="absolute top-0 left-0" data-testid="productTileImage" height="" id="is-0-productImage-22" loading="lazy" src="https://i5.walmartimages.com/seo/Babybel-Original-Flavored-Snack-Cheese-12-7-oz-18-Count-Net-Refrigerated_8689b2a5-4385-4c38-802d-b95bc22e6f1f.34a651ecabe7db282b8ee8377db732cd.png?odnHeight=580&amp;odnWidth=580&amp;odnBg=FFFFFF" srcset="https://i5.walmartimages.com/seo/Babybel-Original-Flavored-Snack-Cheese-12-7-oz-18-Count-Net-Refrigerated_8689b2a5-4385-4c38-802d-b95bc22e6f1f.34a651ecabe7db282b8ee8377db732cd.png?odnHeight=290&amp;odnWidth=290&amp;odnBg=FFFFFF 1x, https://i5.walmartimages.com/seo/Babybel-Original-Flavored-Snack-Cheese-12-7-oz-18-Count-Net-Refrigerated_8689b2a5-4385-4c38-802d-b95bc22e6f1f.34a651ecabe7db282b8ee8377db732cd.png?odnHeight=580&amp;odnWidth=580&amp;odnBg=FFFFFF 2x" width=""/></div><div class="z-2 relative mt3"><div class="relative dib flex-row-reverse" data-id="7EZWZT4SKAY0"><button aria-label="Add to cart - Babybel Original Flavored Snack Cheese, 12.7 oz, 18 Count Net. Refrigerated" class="w_hhLG w_8nsR w_jDfj pointer bn sans-serif b ph2 flex items-center justify-center w-auto shadow-1" data-automation-id="add-to-cart" data-pcss-hide="true" type="button"><i class="ld ld-Plus" style="font-size: 1.5rem; vertical-align: -0.25em; width: 1.5rem; height: 1.5rem; box-sizing: content-box;" title="add to cart"></i><span class="mr2">Add</span></button></div></div></div><div class="mt2 mb1" data-testid="variant-7EZWZT4SKAY0" style="height: 24px;"><div class="flex items-center lh-title h2-l normal"><div class="gray f7 flex items-center"><div>Sponsored</div><div class="z-2"><button aria-label="Ad disclaimer and feedback" class="w_hhLG w_DZvO w_0_LY pointer pl1 no-underline pt3 pb3" title="Ad disclaimer and feedback" type="button"><i class="ld ld-InfoCircle" style="font-size: 1rem; vertical-align: -0.175em; width: 1rem; height: 1rem; box-sizing: content-box;"></i></button></div></div></div></div></div><div class=""><div class="flex flex-wrap justify-start items-center lh-title mb1" data-automation-id="product-price"><div aria-hidden="true" class="mr1 mr2-xl b black lh-solid f5 f4-l"><span class="f3"></span><span class="f6 f5-l" style="vertical-align: 0.65ex; margin-right: 2px;">$</span><span class="f2">9</span><span class="f6 f5-l" style="vertical-align: 0.75ex;">78</span></div><span class="w_iUH7">current price $9.78</span><div class="gray mr1 f6 f5-l flex items-end mt1">$12.32/lb</div></div><span class="w_V_DM" style="-webkit-line-clamp: 3; padding-bottom: 0.1em; margin-bottom: -0.1em;"><span class="normal dark-gray mb0 mt1 lh-title f6 f5-l lh-copy" data-automation-id="product-title">Babybel Original Flavored Snack Cheese, 12.7 oz, 18 Count Net. Refrigerated</span></span><div class="flex items-center mt2"><div class="w_ExHd w_y6ym mr1"><svg class="w_D5ag w_6H0I w_1jp4" viewbox="0 0 22 22" xmlns="http://www.w3.org/2000/svg"><path d="m13.562 7.028.17.354.387.062 6.226.999c.011.002.029.008.047.034.018.026.03.063.023.106a.133.133 0 0 1-.034.073l-4.476 4.64-.274.284.079.387 1.321 6.467c.009.042 0 .08-.017.109-.018.028-.036.036-.049.04a.04.04 0 0 1-.014 0 .05.05 0 0 1-.017-.006l-5.926-3.032-.341-.175-.342.175-5.926 3.032a.046.046 0 0 1-.02.006c-.004 0-.01 0-.017-.003-.013-.004-.034-.017-.05-.05a.155.155 0 0 1-.01-.096l1.322-6.467.079-.387-.274-.284-4.477-4.64a.136.136 0 0 1-.035-.095c0-.042.014-.075.034-.096a.067.067 0 0 1 .037-.022l6.226-.999.388-.062.17-.354 2.83-5.892c.016-.033.037-.045.05-.05a.045.045 0 0 1 .018-.003c.004 0 .01.002.02.007a.1.1 0 0 1 .04.046l2.832 5.892Z"></path></svg><svg class="w_D5ag w_6H0I w_1jp4" viewbox="0 0 22 22" xmlns="http://www.w3.org/2000/svg"><path d="m13.562 7.028.17.354.387.062 6.226.999c.011.002.029.008.047.034.018.026.03.063.023.106a.133.133 0 0 1-.034.073l-4.476 4.64-.274.284.079.387 1.321 6.467c.009.042 0 .08-.017.109-.018.028-.036.036-.049.04a.04.04 0 0 1-.014 0 .05.05 0 0 1-.017-.006l-5.926-3.032-.341-.175-.342.175-5.926 3.032a.046.046 0 0 1-.02.006c-.004 0-.01 0-.017-.003-.013-.004-.034-.017-.05-.05a.155.155 0 0 1-.01-.096l1.322-6.467.079-.387-.274-.284-4.477-4.64a.136.136 0 0 1-.035-.095c0-.042.014-.075.034-.096a.067.067 0 0 1 .037-.022l6.226-.999.388-.062.17-.354 2.83-5.892c.016-.033.037-.045.05-.05a.045.045 0 0 1 .018-.003c.004 0 .01.002.02.007a.1.1 0 0 1 .04.046l2.832 5.892Z"></path></svg><svg class="w_D5ag w_6H0I w_1jp4" viewbox="0 0 22 22" xmlns="http://www.w3.org/2000/svg"><path d="m13.562 7.028.17.354.387.062 6.226.999c.011.002.029.008.047.034.018.026.03.063.023.106a.133.133 0 0 1-.034.073l-4.476 4.64-.274.284.079.387 1.321 6.467c.009.042 0 .08-.017.109-.018.028-.036.036-.049.04a.04.04 0 0 1-.014 0 .05.05 0 0 1-.017-.006l-5.926-3.032-.341-.175-.342.175-5.926 3.032a.046.046 0 0 1-.02.006c-.004 0-.01 0-.017-.003-.013-.004-.034-.017-.05-.05a.155.155 0 0 1-.01-.096l1.322-6.467.079-.387-.274-.284-4.477-4.64a.136.136 0 0 1-.035-.095c0-.042.014-.075.034-.096a.067.067 0 0 1 .037-.022l6.226-.999.388-.062.17-.354 2.83-5.892c.016-.033.037-.045.05-.05a.045.045 0 0 1 .018-.003c.004 0 .01.002.02.007a.1.1 0 0 1 .04.046l2.832 5.892Z"></path></svg><svg class="w_D5ag w_6H0I w_1jp4" viewbox="0 0 22 22" xmlns="http://www.w3.org/2000/svg"><path d="m13.562 7.028.17.354.387.062 6.226.999c.011.002.029.008.047.034.018.026.03.063.023.106a.133.133 0 0 1-.034.073l-4.476 4.64-.274.284.079.387 1.321 6.467c.009.042 0 .08-.017.109-.018.028-.036.036-.049.04a.04.04 0 0 1-.014 0 .05.05 0 0 1-.017-.006l-5.926-3.032-.341-.175-.342.175-5.926 3.032a.046.046 0 0 1-.02.006c-.004 0-.01 0-.017-.003-.013-.004-.034-.017-.05-.05a.155.155 0 0 1-.01-.096l1.322-6.467.079-.387-.274-.284-4.477-4.64a.136.136 0 0 1-.035-.095c0-.042.014-.075.034-.096a.067.067 0 0 1 .037-.022l6.226-.999.388-.062.17-.354 2.83-5.892c.016-.033.037-.045.05-.05a.045.045 0 0 1 .018-.003c.004 0 .01.002.02.007a.1.1 0 0 1 .04.046l2.832 5.892Z"></path></svg><svg class="w_D5ag w_6H0I w_HGbC" viewbox="0 0 22 22" xmlns="http://www.w3.org/2000/svg"><path class="w_sX0E" d="M11 2.174a.825.825 0 0 0-.74.478L8.375 7.424l-5.662.628a.816.816 0 0 0-.463.247c-.322.34-.32.89.006 1.227l3.494 4.023-1.174 6.039a.905.905 0 0 0 .066.562c.2.43.697.61 1.108.399l5.25-3.5V2.174Z"></path><path class="w_eDrS" d="M11 2.002v15.5M13.895 7.082l.17.354.387.062 6.226.999c.011.001.03.008.047.034.018.026.03.063.023.106a.133.133 0 0 1-.034.073l-4.476 4.64-.274.284.08.387 1.32 6.467a.15.15 0 0 1-.017.109c-.017.027-.036.036-.048.039a.04.04 0 0 1-.015 0 .05.05 0 0 1-.017-.005L11.342 17.6 11 17.424l-.342.175-5.925 3.032a.046.046 0 0 1-.02.006c-.005 0-.01 0-.018-.003-.013-.005-.034-.017-.05-.05a.155.155 0 0 1-.01-.096l1.322-6.467.079-.387-.274-.284-4.477-4.64a.136.136 0 0 1-.035-.096c0-.041.015-.074.035-.095a.067.067 0 0 1 .037-.022l6.226-.999.387-.062.17-.354 2.831-5.892c.016-.033.036-.045.05-.05a.045.045 0 0 1 .017-.003c.004 0 .01.002.02.007a.1.1 0 0 1 .041.046l2.83 5.892Z"></path></svg></div><span aria-hidden="true" class="sans-serif gray f7" data-testid="product-reviews" data-value="1235">1235</span><span class="w_iUH7">4.7 out of 5 Stars. 1235 reviews</span></div><div class="mt2"><img alt="ebt" aria-hidden="true" class="v-mid pb1 mr2" height="20" loading="lazy" src="//i5.walmartimages.com/dfw/63fd9f59-2845/2044d79e-92d5-4c08-90a2-0480444a877f/v1/EBT-Logo.svg" width="30"/><span class="gray f6-l f5-m">EBT eligible</span></div><div></div><div class="mt2" data-automation-id="fulfillment-badge"><div class="f7 flex self-baseline dark-gray"><div>Pickup <span class="b">today</span></div></div></div></div></div></div></div></div></div><div class="mb0 ph0-xl pt0-xl bb b--near-white w-25 pb3-m ph1"><div class="h-100 pr4-xl pt3" io-id="38B9IZUQVHGO" style="contain-intrinsic-size: 198px 340px;"><div class="sans-serif mid-gray relative flex flex-column w-100 hide-child-opacity" data-item-id="38B9IZUQVHGO" role="group"><a class="w-100 h-100 z-1 hide-sibling-opacity absolute" href="/ip/Great-Value-Sliced-Non-Smoked-Provolone-Cheese-8-Oz/10451510?classType=REGULAR&amp;from=/search" link-identifier="10451510" target=""><span class="w_iUH7">Great Value Deli Style Sliced Non-Smoked Provolone Cheese, 8 oz, 12 Count </span></a><div class="" data-testid="list-view"><div class=""><div class=""><div class="h2 relative nowrap mb1"></div><div class="relative"><div class="relative overflow-hidden" style="max-width: 290px; height: 0px; padding-bottom: min(290px, 100%); align-self: center; width: min(290px, 100%);"><span><button aria-label="Sign in to add to Favorites list, Great Value Deli Style Sliced Non-Smoked Provolone Cheese, 8 oz, 12 Count" class="bg-white pointer pa0 black bn mt1 mr1 pa1 br4 absolute top-0 right-0 z-2" data-automation-id="heart-item" style="width: 32px; height: 32px;" type="button"><i aria-hidden="true" class="ld ld-Heart" style="font-size: 1.5rem; vertical-align: -0.25em; padding-top: 1px; width: 1.5rem; height: 1.5rem; box-sizing: content-box;"></i></button></span><img alt="Great Value Deli Style Sliced Non-Smoked Provolone Cheese, 8 oz, 12 Count" class="absolute top-0 left-0" data-testid="productTileImage" height="" id="is-0-productImage-23" loading="lazy" src="https://i5.walmartimages.com/seo/Great-Value-Deli-Style-Sliced-Non-Smoked-Provolone-Cheese-8-oz-12-Count_14eb3459-c5c7-43c1-afd8-9b15c0ebdfda.e211ead5d6347b9ec10b86d93e0e898d.jpeg?odnHeight=580&amp;odnWidth=580&amp;odnBg=FFFFFF" srcset="https://i5.walmartimages.com/seo/Great-Value-Deli-Style-Sliced-Non-Smoked-Provolone-Cheese-8-oz-12-Count_14eb3459-c5c7-43c1-afd8-9b15c0ebdfda.e211ead5d6347b9ec10b86d93e0e898d.jpeg?odnHeight=290&amp;odnWidth=290&amp;odnBg=FFFFFF 1x, https://i5.walmartimages.com/seo/Great-Value-Deli-Style-Sliced-Non-Smoked-Provolone-Cheese-8-oz-12-Count_14eb3459-c5c7-43c1-afd8-9b15c0ebdfda.e211ead5d6347b9ec10b86d93e0e898d.jpeg?odnHeight=580&amp;odnWidth=580&amp;odnBg=FFFFFF 2x" width=""/></div><div class="z-2 relative mt3"><div class="relative dib flex-row-reverse" data-id="38B9IZUQVHGO"><button aria-label="Add to cart - Great Value Deli Style Sliced Non-Smoked Provolone Cheese, 8 oz, 12 Count" class="w_hhLG w_8nsR w_jDfj pointer bn sans-serif b ph2 flex items-center justify-center w-auto shadow-1" data-automation-id="add-to-cart" data-pcss-hide="true" type="button"><i class="ld ld-Plus" style="font-size: 1.5rem; vertical-align: -0.25em; width: 1.5rem; height: 1.5rem; box-sizing: content-box;" title="add to cart"></i><span class="mr2">Add</span></button></div></div></div><div class="nt2" data-testid="variant-38B9IZUQVHGO" style="height: 24px;"></div></div><div class=""><div class="flex flex-wrap justify-start items-center lh-title mb1" data-automation-id="product-price"><div aria-hidden="true" class="mr1 mr2-xl b black lh-solid f5 f4-l"><span class="f3"></span><span class="f6 f5-l" style="vertical-align: 0.65ex; margin-right: 2px;">$</span><span class="f2">2</span><span class="f6 f5-l" style="vertical-align: 0.75ex;">24</span></div><span class="w_iUH7">current price $2.24</span><div class="gray mr1 f6 f5-l flex items-end mt1">$4.48/lb</div></div><span class="w_V_DM" style="-webkit-line-clamp: 3; padding-bottom: 0.1em; margin-bottom: -0.1em;"><span class="normal dark-gray mb0 mt1 lh-title f6 f5-l lh-copy" data-automation-id="product-title">Great Value Deli Style Sliced Non-Smoked Provolone Cheese, 8 oz, 12 Count</span></span><div class="mt2"><img alt="ebt" aria-hidden="true" class="v-mid pb1 mr2" height="20" loading="lazy" src="//i5.walmartimages.com/dfw/63fd9f59-2845/2044d79e-92d5-4c08-90a2-0480444a877f/v1/EBT-Logo.svg" width="30"/><span class="gray f6-l f5-m">EBT eligible</span></div><div></div><div class="mt2" data-automation-id="fulfillment-badge"><div class="f7 flex self-baseline dark-gray"><div>Pickup <span class="b">today</span></div></div></div></div></div></div></div></div></div><div class="mb0 ph0-xl pt0-xl bb b--near-white w-25 pb3-m ph1"><div class="h-100 pr4-xl pt3" io-id="35DBK9G4H99S" style="contain-intrinsic-size: 198px 340px;"><div class="sans-serif mid-gray relative flex flex-column w-100 hide-child-opacity" data-item-id="35DBK9G4H99S" role="group"><a class="w-100 h-100 z-1 hide-sibling-opacity absolute" href="/ip/Great-Value-Shredded-Low-Moisture-Part-Skim-Mozzarella-Cheese-32-oz/10452379?classType=REGULAR&amp;athbdg=L1300&amp;from=/search" link-identifier="10452379" target=""><span class="w_iUH7">Great Value Shredded Low-Moisture Part-Skim Mozzarella Cheese, 32 oz </span></a><div class="" data-testid="list-view"><div class=""><div class=""><div class="h2 relative nowrap mb1"><span class="w_VbBP w_WKt3 w_U23Z tag-leading-badge absolute" style="background: rgb(222, 28, 36); color: rgb(255, 255, 255); border-radius: 4px; font-weight: 700;">Rollback</span></div><div class="relative"><div class="relative overflow-hidden" style="max-width: 290px; height: 0px; padding-bottom: min(290px, 100%); align-self: center; width: min(290px, 100%);"><span><button aria-label="Sign in to add to Favorites list, Great Value Shredded Low-Moisture Part-Skim Mozzarella Cheese, 32 oz" class="bg-white pointer pa0 black bn mt1 mr1 pa1 br4 absolute top-0 right-0 z-2" data-automation-id="heart-item" style="width: 32px; height: 32px;" type="button"><i aria-hidden="true" class="ld ld-Heart" style="font-size: 1.5rem; vertical-align: -0.25em; padding-top: 1px; width: 1.5rem; height: 1.5rem; box-sizing: content-box;"></i></button></span><img alt="Great Value Shredded Low-Moisture Part-Skim Mozzarella Cheese, 32 oz" class="absolute top-0 left-0" data-testid="productTileImage" height="" id="is-0-productImage-24" loading="lazy" src="https://i5.walmartimages.com/seo/Great-Value-Shredded-Low-Moisture-Part-Skim-Mozzarella-Cheese-32-oz_23b05249-92b9-40a0-ba9a-0beacdfb5c60.8e54d42ece243cba956d9502b87bf9ac.jpeg?odnHeight=580&amp;odnWidth=580&amp;odnBg=FFFFFF" srcset="https://i5.walmartimages.com/seo/Great-Value-Shredded-Low-Moisture-Part-Skim-Mozzarella-Cheese-32-oz_23b05249-92b9-40a0-ba9a-0beacdfb5c60.8e54d42ece243cba956d9502b87bf9ac.jpeg?odnHeight=290&amp;odnWidth=290&amp;odnBg=FFFFFF 1x, https://i5.walmartimages.com/seo/Great-Value-Shredded-Low-Moisture-Part-Skim-Mozzarella-Cheese-32-oz_23b05249-92b9-40a0-ba9a-0beacdfb5c60.8e54d42ece243cba956d9502b87bf9ac.jpeg?odnHeight=580&amp;odnWidth=580&amp;odnBg=FFFFFF 2x" width=""/></div><div class="z-2 relative mt3"><div class="relative dib flex-row-reverse" data-id="35DBK9G4H99S"><button aria-label="Add to cart - Great Value Shredded Low-Moisture Part-Skim Mozzarella Cheese, 32 oz" class="w_hhLG w_8nsR w_jDfj pointer bn sans-serif b ph2 flex items-center justify-center w-auto shadow-1" data-automation-id="add-to-cart" data-pcss-hide="true" type="button"><i class="ld ld-Plus" style="font-size: 1.5rem; vertical-align: -0.25em; width: 1.5rem; height: 1.5rem; box-sizing: content-box;" title="add to cart"></i><span class="mr2">Add</span></button></div></div></div><div class="nt2" data-testid="variant-35DBK9G4H99S" style="height: 24px;"></div></div><div class=""><div class="flex flex-wrap justify-start items-center lh-title mb1" data-automation-id="product-price"><div aria-hidden="true" class="mr1 mr2-xl b black green lh-solid f5 f4-l"><span class="f3 mr1">Now</span><span class="f6 f5-l" style="vertical-align: 0.65ex; margin-right: 2px;">$</span><span class="f2">7</span><span class="f6 f5-l" style="vertical-align: 0.75ex;">38</span></div><span class="w_iUH7">current price Now $7.38</span><div aria-hidden="true" class="gray mr1 strike f6 f4-l flex items-end mt1">$8.24</div><span class="w_iUH7">Was $8.24</span><div class="gray mr1 f6 f5-l flex items-end mt1">$3.69/lb</div></div><span class="w_V_DM" style="-webkit-line-clamp: 3; padding-bottom: 0.1em; margin-bottom: -0.1em;"><span class="normal dark-gray mb0 mt1 lh-title f6 f5-l lh-copy" data-automation-id="product-title">Great Value Shredded Low-Moisture Part-Skim Mozzarella Cheese, 32 oz</span></span><div class="mt2"><img alt="ebt" aria-hidden="true" class="v-mid pb1 mr2" height="20" loading="lazy" src="//i5.walmartimages.com/dfw/63fd9f59-2845/2044d79e-92d5-4c08-90a2-0480444a877f/v1/EBT-Logo.svg" width="30"/><span class="gray f6-l f5-m">EBT eligible</span></div><div></div><div class="mt2" data-automation-id="fulfillment-badge"><div class="f7 flex self-baseline dark-gray"><div>Pickup <span class="b">today</span></div></div></div></div></div></div></div></div></div><div class="mb0 ph0-xl pt0-xl bb b--near-white w-25 pb3-m ph1"><div class="h-100 pr4-xl pt3" io-id="3BYBEM8OLG7B" style="contain-intrinsic-size: 198px 340px;"><div class="sans-serif mid-gray relative flex flex-column w-100 hide-child-opacity" data-item-id="3BYBEM8OLG7B" role="group"><a class="w-100 h-100 z-1 hide-sibling-opacity absolute" href="/ip/Great-Value-Deli-Style-Sliced-Pepper-Jack-Cheese-8-oz-12-Slices-Resealable-Plastic-Packaging/155066735?classType=REGULAR&amp;from=/search" link-identifier="155066735" target=""><span class="w_iUH7">Great Value Deli Style Sliced Pepper Jack Cheese, 8 oz, 12 Slices (Resealable Plastic Packaging) </span></a><div class="" data-testid="list-view"><div class=""><div class=""><div class="relative"><div class="relative overflow-hidden" style="max-width: 290px; height: 0px; padding-bottom: min(290px, 100%); align-self: center; width: min(290px, 100%);"><span><button aria-label="Sign in to add to Favorites list, Great Value Deli Style Sliced Pepper Jack Cheese, 8 oz, 12 Slices (Resealable Plastic Packaging)" class="bg-white pointer pa0 black bn mt1 mr1 pa1 br4 absolute top-0 right-0 z-2" data-automation-id="heart-item" style="width: 32px; height: 32px;" type="button"><i aria-hidden="true" class="ld ld-Heart" style="font-size: 1.5rem; vertical-align: -0.25em; padding-top: 1px; width: 1.5rem; height: 1.5rem; box-sizing: content-box;"></i></button></span><img alt="Great Value Deli Style Sliced Pepper Jack Cheese, 8 oz, 12 Slices (Resealable Plastic Packaging)" class="absolute top-0 left-0" data-testid="productTileImage" height="" id="is-0-productImage-25" loading="lazy" src="https://i5.walmartimages.com/seo/Great-Value-Deli-Style-Sliced-Pepper-Jack-Cheese-8-oz-12-Slices-Resealable-Plastic-Packaging_7c2cd8b0-779b-4805-8ca4-f526308eec9d.f90783dd52e768b34ea33eb2b2876a9a.jpeg?odnHeight=580&amp;odnWidth=580&amp;odnBg=FFFFFF" srcset="https://i5.walmartimages.com/seo/Great-Value-Deli-Style-Sliced-Pepper-Jack-Cheese-8-oz-12-Slices-Resealable-Plastic-Packaging_7c2cd8b0-779b-4805-8ca4-f526308eec9d.f90783dd52e768b34ea33eb2b2876a9a.jpeg?odnHeight=290&amp;odnWidth=290&amp;odnBg=FFFFFF 1x, https://i5.walmartimages.com/seo/Great-Value-Deli-Style-Sliced-Pepper-Jack-Cheese-8-oz-12-Slices-Resealable-Plastic-Packaging_7c2cd8b0-779b-4805-8ca4-f526308eec9d.f90783dd52e768b34ea33eb2b2876a9a.jpeg?odnHeight=580&amp;odnWidth=580&amp;odnBg=FFFFFF 2x" width=""/></div><div class="z-2 relative mt3"><div class="relative dib flex-row-reverse" data-id="3BYBEM8OLG7B"><button aria-label="Add to cart - Great Value Deli Style Sliced Pepper Jack Cheese, 8 oz, 12 Slices (Resealable Plastic Packaging)" class="w_hhLG w_8nsR w_jDfj pointer bn sans-serif b ph2 flex items-center justify-center w-auto shadow-1" data-automation-id="add-to-cart" data-pcss-hide="true" type="button"><i class="ld ld-Plus" style="font-size: 1.5rem; vertical-align: -0.25em; width: 1.5rem; height: 1.5rem; box-sizing: content-box;" title="add to cart"></i><span class="mr2">Add</span></button></div></div></div><div class="mt3"></div></div><div class=""><div class="flex flex-wrap justify-start items-center lh-title mb1" data-automation-id="product-price"><div aria-hidden="true" class="mr1 mr2-xl b black lh-solid f5 f4-l"><span class="f3"></span><span class="f6 f5-l" style="vertical-align: 0.65ex; margin-right: 2px;">$</span><span class="f2">2</span><span class="f6 f5-l" style="vertical-align: 0.75ex;">24</span></div><span class="w_iUH7">current price $2.24</span><div class="gray mr1 f6 f5-l flex items-end mt1">$4.48/lb</div></div><span class="w_V_DM" style="-webkit-line-clamp: 3; padding-bottom: 0.1em; margin-bottom: -0.1em;"><span class="normal dark-gray mb0 mt1 lh-title f6 f5-l lh-copy" data-automation-id="product-title">Great Value Deli Style Sliced Pepper Jack Cheese, 8 oz, 12 Slices (Resealable Plastic Packaging)</span></span><div class="mt2"><img alt="ebt" aria-hidden="true" class="v-mid pb1 mr2" height="20" loading="lazy" src="//i5.walmartimages.com/dfw/63fd9f59-2845/2044d79e-92d5-4c08-90a2-0480444a877f/v1/EBT-Logo.svg" width="30"/><span class="gray f6-l f5-m">EBT eligible</span></div><div></div><div class="mt2" data-automation-id="fulfillment-badge"><div class="f7 flex self-baseline dark-gray"><div>Pickup <span class="b">today</span></div></div></div></div></div></div></div></div></div><div class="mb0 ph0-xl pt0-xl bb b--near-white w-25 pb3-m ph1"><div class="h-100 pr4-xl pt3" io-id="5K9NSTUBDG3E" style="contain-intrinsic-size: 198px 340px;"><div class="sans-serif mid-gray relative flex flex-column w-100 hide-child-opacity" data-item-id="5K9NSTUBDG3E" role="group"><a class="w-100 h-100 z-1 hide-sibling-opacity absolute" href="/ip/Great-Value-Deli-Style-Sliced-Mild-Cheddar-Cheese-8-oz-12-Count/10452514?classType=REGULAR&amp;from=/search" link-identifier="10452514" target=""><span class="w_iUH7">Great Value Deli Style Sliced Mild Cheddar Cheese, 8 oz, 12 Count </span></a><div class="" data-testid="list-view"><div class=""><div class=""><div class="relative"><div class="relative overflow-hidden" style="max-width: 290px; height: 0px; padding-bottom: min(290px, 100%); align-self: center; width: min(290px, 100%);"><span><button aria-label="Sign in to add to Favorites list, Great Value Deli Style Sliced Mild Cheddar Cheese, 8 oz, 12 Count" class="bg-white pointer pa0 black bn mt1 mr1 pa1 br4 absolute top-0 right-0 z-2" data-automation-id="heart-item" style="width: 32px; height: 32px;" type="button"><i aria-hidden="true" class="ld ld-Heart" style="font-size: 1.5rem; vertical-align: -0.25em; padding-top: 1px; width: 1.5rem; height: 1.5rem; box-sizing: content-box;"></i></button></span><img alt="Great Value Deli Style Sliced Mild Cheddar Cheese, 8 oz, 12 Count" class="absolute top-0 left-0" data-testid="productTileImage" height="" id="is-0-productImage-26" loading="lazy" src="https://i5.walmartimages.com/seo/Great-Value-Deli-Style-Sliced-Mild-Cheddar-Cheese-8-oz-12-Count_cea8acf2-4c04-4b62-b4d6-23befdba6044.8d5aec1c31307c9324654976eb7ffb95.jpeg?odnHeight=580&amp;odnWidth=580&amp;odnBg=FFFFFF" srcset="https://i5.walmartimages.com/seo/Great-Value-Deli-Style-Sliced-Mild-Cheddar-Cheese-8-oz-12-Count_cea8acf2-4c04-4b62-b4d6-23befdba6044.8d5aec1c31307c9324654976eb7ffb95.jpeg?odnHeight=290&amp;odnWidth=290&amp;odnBg=FFFFFF 1x, https://i5.walmartimages.com/seo/Great-Value-Deli-Style-Sliced-Mild-Cheddar-Cheese-8-oz-12-Count_cea8acf2-4c04-4b62-b4d6-23befdba6044.8d5aec1c31307c9324654976eb7ffb95.jpeg?odnHeight=580&amp;odnWidth=580&amp;odnBg=FFFFFF 2x" width=""/></div><div class="z-2 relative mt3"><div class="relative dib flex-row-reverse" data-id="5K9NSTUBDG3E"><button aria-label="Add to cart - Great Value Deli Style Sliced Mild Cheddar Cheese, 8 oz, 12 Count" class="w_hhLG w_8nsR w_jDfj pointer bn sans-serif b ph2 flex items-center justify-center w-auto shadow-1" data-automation-id="add-to-cart" data-pcss-hide="true" type="button"><i class="ld ld-Plus" style="font-size: 1.5rem; vertical-align: -0.25em; width: 1.5rem; height: 1.5rem; box-sizing: content-box;" title="add to cart"></i><span class="mr2">Add</span></button></div></div></div><div class="mt3"></div></div><div class=""><div class="flex flex-wrap justify-start items-center lh-title mb1" data-automation-id="product-price"><div aria-hidden="true" class="mr1 mr2-xl b black lh-solid f5 f4-l"><span class="f3"></span><span class="f6 f5-l" style="vertical-align: 0.65ex; margin-right: 2px;">$</span><span class="f2">2</span><span class="f6 f5-l" style="vertical-align: 0.75ex;">24</span></div><span class="w_iUH7">current price $2.24</span><div class="gray mr1 f6 f5-l flex items-end mt1">$4.48/lb</div></div><span class="w_V_DM" style="-webkit-line-clamp: 3; padding-bottom: 0.1em; margin-bottom: -0.1em;"><span class="normal dark-gray mb0 mt1 lh-title f6 f5-l lh-copy" data-automation-id="product-title">Great Value Deli Style Sliced Mild Cheddar Cheese, 8 oz, 12 Count</span></span><div class="mt2"><img alt="ebt" aria-hidden="true" class="v-mid pb1 mr2" height="20" loading="lazy" src="//i5.walmartimages.com/dfw/63fd9f59-2845/2044d79e-92d5-4c08-90a2-0480444a877f/v1/EBT-Logo.svg" width="30"/><span class="gray f6-l f5-m">EBT eligible</span></div><div></div><div class="mt2" data-automation-id="fulfillment-badge"><div class="f7 flex self-baseline dark-gray"><div>Pickup <span class="b">today</span></div></div></div></div></div></div></div></div></div><div class="mb0 ph0-xl pt0-xl bb b--near-white w-25 pb3-m ph1"><div class="h-100 pr4-xl pt3" io-id="1DZUUEM2GI0V" style="contain-intrinsic-size: 198px 340px;"><div class="sans-serif mid-gray relative flex flex-column w-100 hide-child-opacity" data-item-id="1DZUUEM2GI0V" role="group"><a class="w-100 h-100 z-1 hide-sibling-opacity absolute" href="/ip/Great-Value-Finely-Shredded-Parmesan-Cheese-6-oz/10452414?classType=REGULAR&amp;from=/search" link-identifier="10452414" target=""><span class="w_iUH7">Great Value Finely Shredded Parmesan Cheese, 6 oz </span></a><div class="" data-testid="list-view"><div class=""><div class=""><div class="relative"><div class="relative overflow-hidden" style="max-width: 290px; height: 0px; padding-bottom: min(290px, 100%); align-self: center; width: min(290px, 100%);"><span><button aria-label="Sign in to add to Favorites list, Great Value Finely Shredded Parmesan Cheese, 6 oz" class="bg-white pointer pa0 black bn mt1 mr1 pa1 br4 absolute top-0 right-0 z-2" data-automation-id="heart-item" style="width: 32px; height: 32px;" type="button"><i aria-hidden="true" class="ld ld-Heart" style="font-size: 1.5rem; vertical-align: -0.25em; padding-top: 1px; width: 1.5rem; height: 1.5rem; box-sizing: content-box;"></i></button></span><img alt="Great Value Finely Shredded Parmesan Cheese, 6 oz" class="absolute top-0 left-0" data-testid="productTileImage" height="" id="is-0-productImage-27" loading="lazy" src="https://i5.walmartimages.com/seo/Great-Value-Finely-Shredded-Parmesan-Cheese-6-oz_df320b0f-1551-42fd-905d-8ac354fb75fc.b1eb30888c2d9a0f3a628f917cecfebc.jpeg?odnHeight=580&amp;odnWidth=580&amp;odnBg=FFFFFF" srcset="https://i5.walmartimages.com/seo/Great-Value-Finely-Shredded-Parmesan-Cheese-6-oz_df320b0f-1551-42fd-905d-8ac354fb75fc.b1eb30888c2d9a0f3a628f917cecfebc.jpeg?odnHeight=290&amp;odnWidth=290&amp;odnBg=FFFFFF 1x, https://i5.walmartimages.com/seo/Great-Value-Finely-Shredded-Parmesan-Cheese-6-oz_df320b0f-1551-42fd-905d-8ac354fb75fc.b1eb30888c2d9a0f3a628f917cecfebc.jpeg?odnHeight=580&amp;odnWidth=580&amp;odnBg=FFFFFF 2x" width=""/></div><div class="z-2 relative mt3"><div class="relative dib flex-row-reverse" data-id="1DZUUEM2GI0V"><button aria-label="Add to cart - Great Value Finely Shredded Parmesan Cheese, 6 oz" class="w_hhLG w_8nsR w_jDfj pointer bn sans-serif b ph2 flex items-center justify-center w-auto shadow-1" data-automation-id="add-to-cart" data-pcss-hide="true" type="button"><i class="ld ld-Plus" style="font-size: 1.5rem; vertical-align: -0.25em; width: 1.5rem; height: 1.5rem; box-sizing: content-box;" title="add to cart"></i><span class="mr2">Add</span></button></div></div></div><div class="mt3"></div></div><div class=""><div class="flex flex-wrap justify-start items-center lh-title mb1" data-automation-id="product-price"><div aria-hidden="true" class="mr1 mr2-xl b black lh-solid f5 f4-l"><span class="f3"></span><span class="f6 f5-l" style="vertical-align: 0.65ex; margin-right: 2px;">$</span><span class="f2">2</span><span class="f6 f5-l" style="vertical-align: 0.75ex;">24</span></div><span class="w_iUH7">current price $2.24</span><div class="gray mr1 f6 f5-l flex items-end mt1">$5.97/lb</div></div><span class="w_V_DM" style="-webkit-line-clamp: 3; padding-bottom: 0.1em; margin-bottom: -0.1em;"><span class="normal dark-gray mb0 mt1 lh-title f6 f5-l lh-copy" data-automation-id="product-title">Great Value Finely Shredded Parmesan Cheese, 6 oz</span></span><div class="mt2"><img alt="ebt" aria-hidden="true" class="v-mid pb1 mr2" height="20" loading="lazy" src="//i5.walmartimages.com/dfw/63fd9f59-2845/2044d79e-92d5-4c08-90a2-0480444a877f/v1/EBT-Logo.svg" width="30"/><span class="gray f6-l f5-m">EBT eligible</span></div><div></div><div class="mt2" data-automation-id="fulfillment-badge"><div class="f7 flex self-baseline dark-gray"><div>Pickup <span class="b">today</span></div></div></div></div></div></div></div></div></div><div class="mb0 ph0-xl pt0-xl bb b--near-white w-25 pb3-m ph1"><div class="h-100 pr4-xl pt3" io-id="3MSAXPIBZCWI" style="contain-intrinsic-size: 198px 340px;"><div class="sans-serif mid-gray relative flex flex-column w-100 hide-child-opacity" data-item-id="3MSAXPIBZCWI" role="group"><a class="w-100 h-100 z-1 hide-sibling-opacity absolute" href="/ip/Great-Value-String-Low-Moisture-Part-Skim-Mozzarella-Cheese-12-oz-Bag-12-Sticks/364923224?classType=REGULAR&amp;from=/search" link-identifier="364923224" target=""><span class="w_iUH7">Great Value String Low-Moisture Part-Skim Mozzarella Cheese, 12 oz Bag, 12 Sticks </span></a><div class="" data-testid="list-view"><div class=""><div class=""><div class="relative"><div class="relative overflow-hidden" style="max-width: 290px; height: 0px; padding-bottom: min(290px, 100%); align-self: center; width: min(290px, 100%);"><span><button aria-label="Sign in to add to Favorites list, Great Value String Low-Moisture Part-Skim Mozzarella Cheese, 12 oz Bag, 12 Sticks" class="bg-white pointer pa0 black bn mt1 mr1 pa1 br4 absolute top-0 right-0 z-2" data-automation-id="heart-item" style="width: 32px; height: 32px;" type="button"><i aria-hidden="true" class="ld ld-Heart" style="font-size: 1.5rem; vertical-align: -0.25em; padding-top: 1px; width: 1.5rem; height: 1.5rem; box-sizing: content-box;"></i></button></span><img alt="Great Value String Low-Moisture Part-Skim Mozzarella Cheese, 12 oz Bag, 12 Sticks" class="absolute top-0 left-0" data-testid="productTileImage" height="" id="is-0-productImage-28" loading="lazy" src="https://i5.walmartimages.com/seo/Great-Value-String-Low-Moisture-Part-Skim-Mozzarella-Cheese-12-oz-Bag-12-Sticks_d0f6c07d-a358-4bd7-96ec-97a65f0585f1.948a35116c60651cbd2ac66b8fac8a79.jpeg?odnHeight=580&amp;odnWidth=580&amp;odnBg=FFFFFF" srcset="https://i5.walmartimages.com/seo/Great-Value-String-Low-Moisture-Part-Skim-Mozzarella-Cheese-12-oz-Bag-12-Sticks_d0f6c07d-a358-4bd7-96ec-97a65f0585f1.948a35116c60651cbd2ac66b8fac8a79.jpeg?odnHeight=290&amp;odnWidth=290&amp;odnBg=FFFFFF 1x, https://i5.walmartimages.com/seo/Great-Value-String-Low-Moisture-Part-Skim-Mozzarella-Cheese-12-oz-Bag-12-Sticks_d0f6c07d-a358-4bd7-96ec-97a65f0585f1.948a35116c60651cbd2ac66b8fac8a79.jpeg?odnHeight=580&amp;odnWidth=580&amp;odnBg=FFFFFF 2x" width=""/></div><div class="z-2 relative mt3"><div class="relative dib flex-row-reverse" data-id="3MSAXPIBZCWI"><button aria-label="Add to cart - Great Value String Low-Moisture Part-Skim Mozzarella Cheese, 12 oz Bag, 12 Sticks" class="w_hhLG w_8nsR w_jDfj pointer bn sans-serif b ph2 flex items-center justify-center w-auto shadow-1" data-automation-id="add-to-cart" data-pcss-hide="true" type="button"><i class="ld ld-Plus" style="font-size: 1.5rem; vertical-align: -0.25em; width: 1.5rem; height: 1.5rem; box-sizing: content-box;" title="add to cart"></i><span class="mr2">Add</span></button></div></div></div><div class="mt3"></div></div><div class=""><div class="flex flex-wrap justify-start items-center lh-title mb1" data-automation-id="product-price"><div aria-hidden="true" class="mr1 mr2-xl b black lh-solid f5 f4-l"><span class="f3"></span><span class="f6 f5-l" style="vertical-align: 0.65ex; margin-right: 2px;">$</span><span class="f2">3</span><span class="f6 f5-l" style="vertical-align: 0.75ex;">34</span></div><span class="w_iUH7">current price $3.34</span><div class="gray mr1 f6 f5-l flex items-end mt1">$4.45/lb</div></div><span class="w_V_DM" style="-webkit-line-clamp: 3; padding-bottom: 0.1em; margin-bottom: -0.1em;"><span class="normal dark-gray mb0 mt1 lh-title f6 f5-l lh-copy" data-automation-id="product-title">Great Value String Low-Moisture Part-Skim Mozzarella Cheese, 12 oz Bag, 12 Sticks</span></span><div class="mt2"><img alt="ebt" aria-hidden="true" class="v-mid pb1 mr2" height="20" loading="lazy" src="//i5.walmartimages.com/dfw/63fd9f59-2845/2044d79e-92d5-4c08-90a2-0480444a877f/v1/EBT-Logo.svg" width="30"/><span class="gray f6-l f5-m">EBT eligible</span></div><div></div><div class="mt2" data-automation-id="fulfillment-badge"><div class="f7 flex self-baseline dark-gray"><div>Pickup <span class="b">today</span></div></div></div></div></div></div></div></div></div><div class="mb0 ph0-xl pt0-xl bb b--near-white w-25 pb3-m ph1"><div class="h-100 pr4-xl pt3" io-id="2NKR2DH1ZZEH" style="contain-intrinsic-size: 198px 340px;"><div class="sans-serif mid-gray relative flex flex-column w-100 hide-child-opacity" data-item-id="2NKR2DH1ZZEH" role="group"><a class="w-100 h-100 z-1 hide-sibling-opacity absolute" href="/ip/Great-Value-Finely-Shredded-Sharp-Cheddar-Cheese-16-oz/10452477?classType=REGULAR&amp;athbdg=L1300&amp;from=/search" link-identifier="10452477" target=""><span class="w_iUH7">Great Value Finely Shredded Sharp Cheddar Cheese, 16 oz </span></a><div class="" data-testid="list-view"><div class=""><div class=""><div class="h2 relative nowrap mb1"><span class="w_VbBP w_WKt3 w_U23Z tag-leading-badge absolute" style="background: rgb(222, 28, 36); color: rgb(255, 255, 255); border-radius: 4px; font-weight: 700;">Rollback</span></div><div class="relative"><div class="relative overflow-hidden" style="max-width: 290px; height: 0px; padding-bottom: min(290px, 100%); align-self: center; width: min(290px, 100%);"><span><button aria-label="Sign in to add to Favorites list, Great Value Finely Shredded Sharp Cheddar Cheese, 16 oz" class="bg-white pointer pa0 black bn mt1 mr1 pa1 br4 absolute top-0 right-0 z-2" data-automation-id="heart-item" style="width: 32px; height: 32px;" type="button"><i aria-hidden="true" class="ld ld-Heart" style="font-size: 1.5rem; vertical-align: -0.25em; padding-top: 1px; width: 1.5rem; height: 1.5rem; box-sizing: content-box;"></i></button></span><img alt="Great Value Finely Shredded Sharp Cheddar Cheese, 16 oz" class="absolute top-0 left-0" data-testid="productTileImage" height="" id="is-0-productImage-29" loading="lazy" src="https://i5.walmartimages.com/seo/Great-Value-Finely-Shredded-Sharp-Cheddar-Cheese-16-oz_b1fe0ef9-8671-4895-b792-cd641e3dc650.2f933ec0d613bf436c1ed804fed215a8.jpeg?odnHeight=580&amp;odnWidth=580&amp;odnBg=FFFFFF" srcset="https://i5.walmartimages.com/seo/Great-Value-Finely-Shredded-Sharp-Cheddar-Cheese-16-oz_b1fe0ef9-8671-4895-b792-cd641e3dc650.2f933ec0d613bf436c1ed804fed215a8.jpeg?odnHeight=290&amp;odnWidth=290&amp;odnBg=FFFFFF 1x, https://i5.walmartimages.com/seo/Great-Value-Finely-Shredded-Sharp-Cheddar-Cheese-16-oz_b1fe0ef9-8671-4895-b792-cd641e3dc650.2f933ec0d613bf436c1ed804fed215a8.jpeg?odnHeight=580&amp;odnWidth=580&amp;odnBg=FFFFFF 2x" width=""/></div><div class="z-2 relative mt3"><div class="relative dib flex-row-reverse" data-id="2NKR2DH1ZZEH"><button aria-label="Add to cart - Great Value Finely Shredded Sharp Cheddar Cheese, 16 oz" class="w_hhLG w_8nsR w_jDfj pointer bn sans-serif b ph2 flex items-center justify-center w-auto shadow-1" data-automation-id="add-to-cart" data-pcss-hide="true" type="button"><i class="ld ld-Plus" style="font-size: 1.5rem; vertical-align: -0.25em; width: 1.5rem; height: 1.5rem; box-sizing: content-box;" title="add to cart"></i><span class="mr2">Add</span></button></div></div></div><div class="nt2" data-testid="variant-2NKR2DH1ZZEH" style="height: 24px;"></div></div><div class=""><div class="flex flex-wrap justify-start items-center lh-title mb1" data-automation-id="product-price"><div aria-hidden="true" class="mr1 mr2-xl b black green lh-solid f5 f4-l"><span class="f3 mr1">Now</span><span class="f6 f5-l" style="vertical-align: 0.65ex; margin-right: 2px;">$</span><span class="f2">3</span><span class="f6 f5-l" style="vertical-align: 0.75ex;">78</span></div><span class="w_iUH7">current price Now $3.78</span><div aria-hidden="true" class="gray mr1 strike f6 f4-l flex items-end mt1">$4.22</div><span class="w_iUH7">Was $4.22</span><div class="gray mr1 f6 f5-l flex items-end mt1">$3.78/lb</div></div><span class="w_V_DM" style="-webkit-line-clamp: 3; padding-bottom: 0.1em; margin-bottom: -0.1em;"><span class="normal dark-gray mb0 mt1 lh-title f6 f5-l lh-copy" data-automation-id="product-title">Great Value Finely Shredded Sharp Cheddar Cheese, 16 oz</span></span><div class="mt2"><img alt="ebt" aria-hidden="true" class="v-mid pb1 mr2" height="20" loading="lazy" src="//i5.walmartimages.com/dfw/63fd9f59-2845/2044d79e-92d5-4c08-90a2-0480444a877f/v1/EBT-Logo.svg" width="30"/><span class="gray f6-l f5-m">EBT eligible</span></div><div></div><div class="mt2" data-automation-id="fulfillment-badge"><div class="f7 flex self-baseline dark-gray"><div>Pickup <span class="b">today</span></div></div></div></div></div></div></div></div></div><div class="mb0 ph0-xl pt0-xl bb b--near-white w-25 pb3-m ph1"><div class="h-100 pr4-xl pt3" io-id="5B8NNL6GRO4W" style="contain-intrinsic-size: 198px 340px;"><div class="sans-serif mid-gray relative flex flex-column w-100 hide-child-opacity" data-item-id="5B8NNL6GRO4W" role="group"><a class="w-100 h-100 z-1 hide-sibling-opacity absolute" href="/ip/Great-Value-Finely-Shredded-Fiesta-Blend-Cheese-16-oz/15544059?classType=REGULAR&amp;athbdg=L1300&amp;from=/search" link-identifier="15544059" target=""><span class="w_iUH7">Great Value Finely Shredded Fiesta Blend Cheese, 16 oz </span></a><div class="" data-testid="list-view"><div class=""><div class=""><div class="h2 relative nowrap mb1"><span class="w_VbBP w_WKt3 w_U23Z tag-leading-badge absolute" style="background: rgb(222, 28, 36); color: rgb(255, 255, 255); border-radius: 4px; font-weight: 700;">Rollback</span></div><div class="relative"><div class="relative overflow-hidden" style="max-width: 290px; height: 0px; padding-bottom: min(290px, 100%); align-self: center; width: min(290px, 100%);"><span><button aria-label="Sign in to add to Favorites list, Great Value Finely Shredded Fiesta Blend Cheese, 16 oz" class="bg-white pointer pa0 black bn mt1 mr1 pa1 br4 absolute top-0 right-0 z-2" data-automation-id="heart-item" style="width: 32px; height: 32px;" type="button"><i aria-hidden="true" class="ld ld-Heart" style="font-size: 1.5rem; vertical-align: -0.25em; padding-top: 1px; width: 1.5rem; height: 1.5rem; box-sizing: content-box;"></i></button></span><img alt="Great Value Finely Shredded Fiesta Blend Cheese, 16 oz" class="absolute top-0 left-0" data-testid="productTileImage" height="" id="is-0-productImage-30" loading="lazy" src="https://i5.walmartimages.com/seo/Great-Value-Finely-Shredded-Fiesta-Blend-Cheese-16-oz_0cc11725-aea5-4ce6-a0e5-f82d5688d9e9.dc88776f94f883476f847c689b5673eb.jpeg?odnHeight=580&amp;odnWidth=580&amp;odnBg=FFFFFF" srcset="https://i5.walmartimages.com/seo/Great-Value-Finely-Shredded-Fiesta-Blend-Cheese-16-oz_0cc11725-aea5-4ce6-a0e5-f82d5688d9e9.dc88776f94f883476f847c689b5673eb.jpeg?odnHeight=290&amp;odnWidth=290&amp;odnBg=FFFFFF 1x, https://i5.walmartimages.com/seo/Great-Value-Finely-Shredded-Fiesta-Blend-Cheese-16-oz_0cc11725-aea5-4ce6-a0e5-f82d5688d9e9.dc88776f94f883476f847c689b5673eb.jpeg?odnHeight=580&amp;odnWidth=580&amp;odnBg=FFFFFF 2x" width=""/></div><div class="z-2 relative mt3"><div class="relative dib flex-row-reverse" data-id="5B8NNL6GRO4W"><button aria-label="Add to cart - Great Value Finely Shredded Fiesta Blend Cheese, 16 oz" class="w_hhLG w_8nsR w_jDfj pointer bn sans-serif b ph2 flex items-center justify-center w-auto shadow-1" data-automation-id="add-to-cart" data-pcss-hide="true" type="button"><i class="ld ld-Plus" style="font-size: 1.5rem; vertical-align: -0.25em; width: 1.5rem; height: 1.5rem; box-sizing: content-box;" title="add to cart"></i><span class="mr2">Add</span></button></div></div></div><div class="nt2" data-testid="variant-5B8NNL6GRO4W" style="height: 24px;"></div></div><div class=""><div class="flex flex-wrap justify-start items-center lh-title mb1" data-automation-id="product-price"><div aria-hidden="true" class="mr1 mr2-xl b black green lh-solid f5 f4-l"><span class="f3 mr1">Now</span><span class="f6 f5-l" style="vertical-align: 0.65ex; margin-right: 2px;">$</span><span class="f2">3</span><span class="f6 f5-l" style="vertical-align: 0.75ex;">78</span></div><span class="w_iUH7">current price Now $3.78</span><div aria-hidden="true" class="gray mr1 strike f6 f4-l flex items-end mt1">$4.22</div><span class="w_iUH7">Was $4.22</span><div class="gray mr1 f6 f5-l flex items-end mt1">$3.78/lb</div></div><span class="w_V_DM" style="-webkit-line-clamp: 3; padding-bottom: 0.1em; margin-bottom: -0.1em;"><span class="normal dark-gray mb0 mt1 lh-title f6 f5-l lh-copy" data-automation-id="product-title">Great Value Finely Shredded Fiesta Blend Cheese, 16 oz</span></span><div class="mt2"><img alt="ebt" aria-hidden="true" class="v-mid pb1 mr2" height="20" loading="lazy" src="//i5.walmartimages.com/dfw/63fd9f59-2845/2044d79e-92d5-4c08-90a2-0480444a877f/v1/EBT-Logo.svg" width="30"/><span class="gray f6-l f5-m">EBT eligible</span></div><div></div><div class="mt2" data-automation-id="fulfillment-badge"><div class="f7 flex self-baseline dark-gray"><div>Pickup <span class="b">today</span></div></div></div></div></div></div></div></div></div><div class="mb0 ph0-xl pt0-xl bb b--near-white w-25 pb3-m ph1"><div class="h-100 pr4-xl pt3" io-id="6NQ615OHLYZI" style="contain-intrinsic-size: 198px 340px;"><div class="sans-serif mid-gray relative flex flex-column w-100 hide-child-opacity" data-item-id="6NQ615OHLYZI" role="group"><a class="w-100 h-100 z-1 hide-sibling-opacity absolute" href="https://www.walmart.com/sp/track?bt=1&amp;eventST=click&amp;plmt=sp-search-middle~desktop~&amp;pos=31&amp;tax=976759_9176907_1001468_4800400&amp;rdf=1&amp;rd=https%3A%2F%2Fwww.walmart.com%2Fip%2FLand-O-Lakes-Yellow-American-Cheese-Sliced-Fresh-Plastic-Bag%2F519946100%3FclassType%3DREGULAR%26adsRedirect%3Dtrue&amp;adUid=6637d0d3-798d-45f2-bbf3-e039cb0f7a20&amp;mloc=sp-search-middle&amp;pltfm=desktop&amp;pgId=cheese&amp;pt=search&amp;spQs=KrtTrgPfKTT4Gb6rmrIs5Gx-OkUpY-BT9Kp4-1YbiqNhmWrSLeBw4X7tkZ0nkAtrCfUVBio9ciLJ8zkGR1O6RpHKrOacVQ9kEZdY9evO3loVFcA71ckC3zllCdAfdRdoCkfn9nZiYlt_vSseryjagg_JTd0_7MQu4JTVTm2Iq9Mlm0u8_Fal9-VbMSQqTi4QEA-q_C7B-wo0UBD9LUHuyRTS8OLE8IuCB-D1T3ShcwvUbNQcqqoGglTuMh92vLyXZOVKVN7iZqSiPWzY2i5thOqeUkuzemiGjAkJEVPvpWU&amp;storeId=3795&amp;specificity=broad&amp;specificityScore=0.16032135&amp;couponState=na&amp;bkt=ace1_default%7Cace2_default%7Cace3_11293%7Cbb_11237%7Ccoldstart_on%7Csearch_Inhouse_ANN_Launch_Web&amp;classType=REGULAR" link-identifier="519946100" target=""><span class="w_iUH7">Land O Lakes Yellow American Cheese, Sliced (Fresh, Plastic Bag) </span></a><div class="" data-testid="list-view"><div class=""><div class=""><div class="h2 relative nowrap mb1"></div><div class="relative"><div class="relative overflow-hidden" style="max-width: 290px; height: 0px; padding-bottom: min(290px, 100%); align-self: center; width: min(290px, 100%);"><span><button aria-label="Sign in to add to Favorites list, Land O Lakes Yellow American Cheese, Sliced (Fresh, Plastic Bag)" class="bg-white pointer pa0 black bn mt1 mr1 pa1 br4 absolute top-0 right-0 z-2" data-automation-id="heart-item" style="width: 32px; height: 32px;" type="button"><i aria-hidden="true" class="ld ld-Heart" style="font-size: 1.5rem; vertical-align: -0.25em; padding-top: 1px; width: 1.5rem; height: 1.5rem; box-sizing: content-box;"></i></button></span><img alt="Land O Lakes Yellow American Cheese, Sliced (Fresh, Plastic Bag)" class="absolute top-0 left-0" data-testid="productTileImage" height="" id="is-0-productImage-31" loading="lazy" src="https://i5.walmartimages.com/seo/Land-O-Lakes-Yellow-American-Cheese-Sliced-Fresh-Plastic-Bag_0300b72b-5504-4809-ad71-0fc5ea3a33a7.7a191af9d7918d440b7ed58ddcb06b0b.jpeg?odnHeight=580&amp;odnWidth=580&amp;odnBg=FFFFFF" srcset="https://i5.walmartimages.com/seo/Land-O-Lakes-Yellow-American-Cheese-Sliced-Fresh-Plastic-Bag_0300b72b-5504-4809-ad71-0fc5ea3a33a7.7a191af9d7918d440b7ed58ddcb06b0b.jpeg?odnHeight=290&amp;odnWidth=290&amp;odnBg=FFFFFF 1x, https://i5.walmartimages.com/seo/Land-O-Lakes-Yellow-American-Cheese-Sliced-Fresh-Plastic-Bag_0300b72b-5504-4809-ad71-0fc5ea3a33a7.7a191af9d7918d440b7ed58ddcb06b0b.jpeg?odnHeight=580&amp;odnWidth=580&amp;odnBg=FFFFFF 2x" width=""/></div><div class="z-2 relative mt3"><div class="relative dib flex-row-reverse" data-id="6NQ615OHLYZI"><button aria-label="Add to cart - Land O Lakes Yellow American Cheese, Sliced (Fresh, Plastic Bag)" class="w_hhLG w_8nsR w_jDfj pointer bn sans-serif b ph2 flex items-center justify-center w-auto shadow-1" data-automation-id="add-to-cart" data-pcss-hide="true" type="button"><i class="ld ld-Plus" style="font-size: 1.5rem; vertical-align: -0.25em; width: 1.5rem; height: 1.5rem; box-sizing: content-box;" title="add to cart"></i><span class="mr2">Add</span></button></div></div></div><div class="mt2 mb1" data-testid="variant-6NQ615OHLYZI" style="height: 24px;"><div class="flex items-center lh-title h2-l normal"><div class="gray f7 flex items-center"><div>Sponsored</div><div class="z-2"><button aria-label="Ad disclaimer and feedback" class="w_hhLG w_DZvO w_0_LY pointer pl1 no-underline pt3 pb3" title="Ad disclaimer and feedback" type="button"><i class="ld ld-InfoCircle" style="font-size: 1rem; vertical-align: -0.175em; width: 1rem; height: 1rem; box-sizing: content-box;"></i></button></div></div></div></div></div><div class=""><div class="flex flex-wrap justify-start items-center lh-title mb1" data-automation-id="product-price"><div aria-hidden="true" class="mr1 mr2-xl b black lh-solid f5 f4-l"><span class="f3"></span><span class="f6 f5-l" style="vertical-align: 0.65ex; margin-right: 2px;">$</span><span class="f2">3</span><span class="f6 f5-l" style="vertical-align: 0.75ex;">96</span></div><span class="w_iUH7">current price $3.96</span><div class="gray mr1 f6 f5-l flex items-end mt1">$7.92/lb</div><div class="f7 f6-l gray w-100">Final cost by weight</div></div><span class="w_V_DM" style="-webkit-line-clamp: 3; padding-bottom: 0.1em; margin-bottom: -0.1em;"><span class="normal dark-gray mb0 mt1 lh-title f6 f5-l lh-copy" data-automation-id="product-title">Land O Lakes Yellow American Cheese, Sliced (Fresh, Plastic Bag)</span></span><div class="flex items-center mt2"><div class="w_ExHd w_y6ym mr1"><svg class="w_D5ag w_6H0I w_1jp4" viewbox="0 0 22 22" xmlns="http://www.w3.org/2000/svg"><path d="m13.562 7.028.17.354.387.062 6.226.999c.011.002.029.008.047.034.018.026.03.063.023.106a.133.133 0 0 1-.034.073l-4.476 4.64-.274.284.079.387 1.321 6.467c.009.042 0 .08-.017.109-.018.028-.036.036-.049.04a.04.04 0 0 1-.014 0 .05.05 0 0 1-.017-.006l-5.926-3.032-.341-.175-.342.175-5.926 3.032a.046.046 0 0 1-.02.006c-.004 0-.01 0-.017-.003-.013-.004-.034-.017-.05-.05a.155.155 0 0 1-.01-.096l1.322-6.467.079-.387-.274-.284-4.477-4.64a.136.136 0 0 1-.035-.095c0-.042.014-.075.034-.096a.067.067 0 0 1 .037-.022l6.226-.999.388-.062.17-.354 2.83-5.892c.016-.033.037-.045.05-.05a.045.045 0 0 1 .018-.003c.004 0 .01.002.02.007a.1.1 0 0 1 .04.046l2.832 5.892Z"></path></svg><svg class="w_D5ag w_6H0I w_1jp4" viewbox="0 0 22 22" xmlns="http://www.w3.org/2000/svg"><path d="m13.562 7.028.17.354.387.062 6.226.999c.011.002.029.008.047.034.018.026.03.063.023.106a.133.133 0 0 1-.034.073l-4.476 4.64-.274.284.079.387 1.321 6.467c.009.042 0 .08-.017.109-.018.028-.036.036-.049.04a.04.04 0 0 1-.014 0 .05.05 0 0 1-.017-.006l-5.926-3.032-.341-.175-.342.175-5.926 3.032a.046.046 0 0 1-.02.006c-.004 0-.01 0-.017-.003-.013-.004-.034-.017-.05-.05a.155.155 0 0 1-.01-.096l1.322-6.467.079-.387-.274-.284-4.477-4.64a.136.136 0 0 1-.035-.095c0-.042.014-.075.034-.096a.067.067 0 0 1 .037-.022l6.226-.999.388-.062.17-.354 2.83-5.892c.016-.033.037-.045.05-.05a.045.045 0 0 1 .018-.003c.004 0 .01.002.02.007a.1.1 0 0 1 .04.046l2.832 5.892Z"></path></svg><svg class="w_D5ag w_6H0I w_HGbC" viewbox="0 0 22 22" xmlns="http://www.w3.org/2000/svg"><path class="w_sX0E" d="M11 2.174a.825.825 0 0 0-.74.478L8.375 7.424l-5.662.628a.816.816 0 0 0-.463.247c-.322.34-.32.89.006 1.227l3.494 4.023-1.174 6.039a.905.905 0 0 0 .066.562c.2.43.697.61 1.108.399l5.25-3.5V2.174Z"></path><path class="w_eDrS" d="M11 2.002v15.5M13.895 7.082l.17.354.387.062 6.226.999c.011.001.03.008.047.034.018.026.03.063.023.106a.133.133 0 0 1-.034.073l-4.476 4.64-.274.284.08.387 1.32 6.467a.15.15 0 0 1-.017.109c-.017.027-.036.036-.048.039a.04.04 0 0 1-.015 0 .05.05 0 0 1-.017-.005L11.342 17.6 11 17.424l-.342.175-5.925 3.032a.046.046 0 0 1-.02.006c-.005 0-.01 0-.018-.003-.013-.005-.034-.017-.05-.05a.155.155 0 0 1-.01-.096l1.322-6.467.079-.387-.274-.284-4.477-4.64a.136.136 0 0 1-.035-.096c0-.041.015-.074.035-.095a.067.067 0 0 1 .037-.022l6.226-.999.387-.062.17-.354 2.831-5.892c.016-.033.036-.045.05-.05a.045.045 0 0 1 .017-.003c.004 0 .01.002.02.007a.1.1 0 0 1 .041.046l2.83 5.892Z"></path></svg><svg class="w_D5ag w_6H0I w_eDrS" viewbox="0 0 22 22" xmlns="http://www.w3.org/2000/svg"><path d="m13.562 7.028.17.354.387.062 6.226.999c.011.002.029.008.047.034.018.026.03.063.023.106a.133.133 0 0 1-.034.073l-4.476 4.64-.274.284.079.387 1.321 6.467c.009.042 0 .08-.017.109-.018.028-.036.036-.049.04a.04.04 0 0 1-.014 0 .05.05 0 0 1-.017-.006l-5.926-3.032-.341-.175-.342.175-5.926 3.032a.046.046 0 0 1-.02.006c-.004 0-.01 0-.017-.003-.013-.004-.034-.017-.05-.05a.155.155 0 0 1-.01-.096l1.322-6.467.079-.387-.274-.284-4.477-4.64a.136.136 0 0 1-.035-.095c0-.042.014-.075.034-.096a.067.067 0 0 1 .037-.022l6.226-.999.388-.062.17-.354 2.83-5.892c.016-.033.037-.045.05-.05a.045.045 0 0 1 .018-.003c.004 0 .01.002.02.007a.1.1 0 0 1 .04.046l2.832 5.892Z"></path></svg><svg class="w_D5ag w_6H0I w_eDrS" viewbox="0 0 22 22" xmlns="http://www.w3.org/2000/svg"><path d="m13.562 7.028.17.354.387.062 6.226.999c.011.002.029.008.047.034.018.026.03.063.023.106a.133.133 0 0 1-.034.073l-4.476 4.64-.274.284.079.387 1.321 6.467c.009.042 0 .08-.017.109-.018.028-.036.036-.049.04a.04.04 0 0 1-.014 0 .05.05 0 0 1-.017-.006l-5.926-3.032-.341-.175-.342.175-5.926 3.032a.046.046 0 0 1-.02.006c-.004 0-.01 0-.017-.003-.013-.004-.034-.017-.05-.05a.155.155 0 0 1-.01-.096l1.322-6.467.079-.387-.274-.284-4.477-4.64a.136.136 0 0 1-.035-.095c0-.042.014-.075.034-.096a.067.067 0 0 1 .037-.022l6.226-.999.388-.062.17-.354 2.83-5.892c.016-.033.037-.045.05-.05a.045.045 0 0 1 .018-.003c.004 0 .01.002.02.007a.1.1 0 0 1 .04.046l2.832 5.892Z"></path></svg></div><span aria-hidden="true" class="sans-serif gray f7" data-testid="product-reviews" data-value="76">76</span><span class="w_iUH7">2.7 out of 5 Stars. 76 reviews</span></div><div class="mt2"><img alt="ebt" aria-hidden="true" class="v-mid pb1 mr2" height="20" loading="lazy" src="//i5.walmartimages.com/dfw/63fd9f59-2845/2044d79e-92d5-4c08-90a2-0480444a877f/v1/EBT-Logo.svg" width="30"/><span class="gray f6-l f5-m">EBT eligible</span></div><div></div><div class="mt2" data-automation-id="fulfillment-badge"><div class="f7 flex self-baseline dark-gray"><div>Pickup <span class="b">today</span></div></div></div></div></div></div></div></div></div><div class="mb0 ph0-xl pt0-xl bb b--near-white w-25 pb3-m ph1"><div class="h-100 pr4-xl pt3" io-id="22Q1H5WEBE51" style="contain-intrinsic-size: 198px 340px;"><div class="sans-serif mid-gray relative flex flex-column w-100 hide-child-opacity" data-item-id="22Q1H5WEBE51" role="group"><a class="w-100 h-100 z-1 hide-sibling-opacity absolute" href="https://www.walmart.com/sp/track?bt=1&amp;eventST=click&amp;plmt=sp-search-middle~desktop~&amp;pos=32&amp;tax=976759_9176907_1001468_4800400&amp;rdf=1&amp;rd=https%3A%2F%2Fwww.walmart.com%2Fip%2FThe-Laughing-Cow-Original-Spreadable-Swiss-Cheese-Wedge-5-4-oz-Box-Refrigerated%2F1974455330%3FclassType%3DREGULAR%26adsRedirect%3Dtrue&amp;adUid=6637d0d3-798d-45f2-bbf3-e039cb0f7a20&amp;mloc=sp-search-middle&amp;pltfm=desktop&amp;pgId=cheese&amp;pt=search&amp;spQs=Vf0ZopNmk9PxPlqWtHlDnBwF2Chckbqk1gDEHEaa1IXhMfi1laCiQesk4Y_PX9JFqIB0GEfS9wpoCDEt9aArlaJLOqR3N38sb7AkodFIxRE-oOKZtbdHmh0A1s6bA3F5Ml-nftChp87GeQQkEbvMeACCNY-TMywB2wp99Gpnimk1YC4Uy0aRnG4HBLF2uXQyehKEpZJvy3hPmULqpfhY9W-nziNto-aUQZW3KKnjQ3j_QltLH1CWZ6gNJs04MXOC&amp;storeId=3795&amp;specificity=broad&amp;specificityScore=0.16032135&amp;couponState=na&amp;bkt=ace1_default%7Cace2_default%7Cace3_11293%7Cbb_11237%7Ccoldstart_on%7Csearch_Inhouse_ANN_Launch_Web&amp;classType=REGULAR" link-identifier="1974455330" target=""><span class="w_iUH7">The Laughing Cow Original Spreadable Swiss Cheese Wedge, 5.4 oz Box. Refrigerated </span></a><div class="" data-testid="list-view"><div class=""><div class=""><div class="h2 relative nowrap mb1"></div><div class="relative"><div class="relative overflow-hidden" style="max-width: 290px; height: 0px; padding-bottom: min(290px, 100%); align-self: center; width: min(290px, 100%);"><span><button aria-label="Sign in to add to Favorites list, The Laughing Cow Original Spreadable Swiss Cheese Wedge, 5.4 oz Box. Refrigerated" class="bg-white pointer pa0 black bn mt1 mr1 pa1 br4 absolute top-0 right-0 z-2" data-automation-id="heart-item" style="width: 32px; height: 32px;" type="button"><i aria-hidden="true" class="ld ld-Heart" style="font-size: 1.5rem; vertical-align: -0.25em; padding-top: 1px; width: 1.5rem; height: 1.5rem; box-sizing: content-box;"></i></button></span><img alt="The Laughing Cow Original Spreadable Swiss Cheese Wedge, 5.4 oz Box. Refrigerated" class="absolute top-0 left-0" data-testid="productTileImage" height="" id="is-0-productImage-32" loading="lazy" src="https://i5.walmartimages.com/seo/The-Laughing-Cow-Original-Spreadable-Swiss-Cheese-Wedge-5-4-oz-Box-Refrigerated_4d13dfc2-64db-47b1-b7b8-0d13a41162c4.aa952160477710d66248722573706864.jpeg?odnHeight=580&amp;odnWidth=580&amp;odnBg=FFFFFF" srcset="https://i5.walmartimages.com/seo/The-Laughing-Cow-Original-Spreadable-Swiss-Cheese-Wedge-5-4-oz-Box-Refrigerated_4d13dfc2-64db-47b1-b7b8-0d13a41162c4.aa952160477710d66248722573706864.jpeg?odnHeight=290&amp;odnWidth=290&amp;odnBg=FFFFFF 1x, https://i5.walmartimages.com/seo/The-Laughing-Cow-Original-Spreadable-Swiss-Cheese-Wedge-5-4-oz-Box-Refrigerated_4d13dfc2-64db-47b1-b7b8-0d13a41162c4.aa952160477710d66248722573706864.jpeg?odnHeight=580&amp;odnWidth=580&amp;odnBg=FFFFFF 2x" width=""/></div><div class="z-2 relative mt3"><div class="relative dib flex-row-reverse" data-id="22Q1H5WEBE51"><button aria-label="Add to cart - The Laughing Cow Original Spreadable Swiss Cheese Wedge, 5.4 oz Box. Refrigerated" class="w_hhLG w_8nsR w_jDfj pointer bn sans-serif b ph2 flex items-center justify-center w-auto shadow-1" data-automation-id="add-to-cart" data-pcss-hide="true" type="button"><i class="ld ld-Plus" style="font-size: 1.5rem; vertical-align: -0.25em; width: 1.5rem; height: 1.5rem; box-sizing: content-box;" title="add to cart"></i><span class="mr2">Add</span></button></div></div></div><div class="mt2 mb1" data-testid="variant-22Q1H5WEBE51" style="height: 24px;"><div class="flex items-center lh-title h2-l normal"><div class="gray f7 flex items-center"><div>Sponsored</div><div class="z-2"><button aria-label="Ad disclaimer and feedback" class="w_hhLG w_DZvO w_0_LY pointer pl1 no-underline pt3 pb3" title="Ad disclaimer and feedback" type="button"><i class="ld ld-InfoCircle" style="font-size: 1rem; vertical-align: -0.175em; width: 1rem; height: 1rem; box-sizing: content-box;"></i></button></div></div></div></div></div><div class=""><div class="flex flex-wrap justify-start items-center lh-title mb1" data-automation-id="product-price"><div aria-hidden="true" class="mr1 mr2-xl b black lh-solid f5 f4-l"><span class="f3"></span><span class="f6 f5-l" style="vertical-align: 0.65ex; margin-right: 2px;">$</span><span class="f2">4</span><span class="f6 f5-l" style="vertical-align: 0.75ex;">23</span></div><span class="w_iUH7">current price $4.23</span><div class="gray mr1 f6 f5-l flex items-end mt1">$12.53/lb</div></div><span class="w_V_DM" style="-webkit-line-clamp: 3; padding-bottom: 0.1em; margin-bottom: -0.1em;"><span class="normal dark-gray mb0 mt1 lh-title f6 f5-l lh-copy" data-automation-id="product-title">The Laughing Cow Original Spreadable Swiss Cheese Wedge, 5.4 oz Box. Refrigerated</span></span><div class="flex items-center mt2"><div class="w_ExHd w_y6ym mr1"><svg class="w_D5ag w_6H0I w_1jp4" viewbox="0 0 22 22" xmlns="http://www.w3.org/2000/svg"><path d="m13.562 7.028.17.354.387.062 6.226.999c.011.002.029.008.047.034.018.026.03.063.023.106a.133.133 0 0 1-.034.073l-4.476 4.64-.274.284.079.387 1.321 6.467c.009.042 0 .08-.017.109-.018.028-.036.036-.049.04a.04.04 0 0 1-.014 0 .05.05 0 0 1-.017-.006l-5.926-3.032-.341-.175-.342.175-5.926 3.032a.046.046 0 0 1-.02.006c-.004 0-.01 0-.017-.003-.013-.004-.034-.017-.05-.05a.155.155 0 0 1-.01-.096l1.322-6.467.079-.387-.274-.284-4.477-4.64a.136.136 0 0 1-.035-.095c0-.042.014-.075.034-.096a.067.067 0 0 1 .037-.022l6.226-.999.388-.062.17-.354 2.83-5.892c.016-.033.037-.045.05-.05a.045.045 0 0 1 .018-.003c.004 0 .01.002.02.007a.1.1 0 0 1 .04.046l2.832 5.892Z"></path></svg><svg class="w_D5ag w_6H0I w_1jp4" viewbox="0 0 22 22" xmlns="http://www.w3.org/2000/svg"><path d="m13.562 7.028.17.354.387.062 6.226.999c.011.002.029.008.047.034.018.026.03.063.023.106a.133.133 0 0 1-.034.073l-4.476 4.64-.274.284.079.387 1.321 6.467c.009.042 0 .08-.017.109-.018.028-.036.036-.049.04a.04.04 0 0 1-.014 0 .05.05 0 0 1-.017-.006l-5.926-3.032-.341-.175-.342.175-5.926 3.032a.046.046 0 0 1-.02.006c-.004 0-.01 0-.017-.003-.013-.004-.034-.017-.05-.05a.155.155 0 0 1-.01-.096l1.322-6.467.079-.387-.274-.284-4.477-4.64a.136.136 0 0 1-.035-.095c0-.042.014-.075.034-.096a.067.067 0 0 1 .037-.022l6.226-.999.388-.062.17-.354 2.83-5.892c.016-.033.037-.045.05-.05a.045.045 0 0 1 .018-.003c.004 0 .01.002.02.007a.1.1 0 0 1 .04.046l2.832 5.892Z"></path></svg><svg class="w_D5ag w_6H0I w_1jp4" viewbox="0 0 22 22" xmlns="http://www.w3.org/2000/svg"><path d="m13.562 7.028.17.354.387.062 6.226.999c.011.002.029.008.047.034.018.026.03.063.023.106a.133.133 0 0 1-.034.073l-4.476 4.64-.274.284.079.387 1.321 6.467c.009.042 0 .08-.017.109-.018.028-.036.036-.049.04a.04.04 0 0 1-.014 0 .05.05 0 0 1-.017-.006l-5.926-3.032-.341-.175-.342.175-5.926 3.032a.046.046 0 0 1-.02.006c-.004 0-.01 0-.017-.003-.013-.004-.034-.017-.05-.05a.155.155 0 0 1-.01-.096l1.322-6.467.079-.387-.274-.284-4.477-4.64a.136.136 0 0 1-.035-.095c0-.042.014-.075.034-.096a.067.067 0 0 1 .037-.022l6.226-.999.388-.062.17-.354 2.83-5.892c.016-.033.037-.045.05-.05a.045.045 0 0 1 .018-.003c.004 0 .01.002.02.007a.1.1 0 0 1 .04.046l2.832 5.892Z"></path></svg><svg class="w_D5ag w_6H0I w_HGbC" viewbox="0 0 22 22" xmlns="http://www.w3.org/2000/svg"><path class="w_sX0E" d="M11 2.174a.825.825 0 0 0-.74.478L8.375 7.424l-5.662.628a.816.816 0 0 0-.463.247c-.322.34-.32.89.006 1.227l3.494 4.023-1.174 6.039a.905.905 0 0 0 .066.562c.2.43.697.61 1.108.399l5.25-3.5V2.174Z"></path><path class="w_eDrS" d="M11 2.002v15.5M13.895 7.082l.17.354.387.062 6.226.999c.011.001.03.008.047.034.018.026.03.063.023.106a.133.133 0 0 1-.034.073l-4.476 4.64-.274.284.08.387 1.32 6.467a.15.15 0 0 1-.017.109c-.017.027-.036.036-.048.039a.04.04 0 0 1-.015 0 .05.05 0 0 1-.017-.005L11.342 17.6 11 17.424l-.342.175-5.925 3.032a.046.046 0 0 1-.02.006c-.005 0-.01 0-.018-.003-.013-.005-.034-.017-.05-.05a.155.155 0 0 1-.01-.096l1.322-6.467.079-.387-.274-.284-4.477-4.64a.136.136 0 0 1-.035-.096c0-.041.015-.074.035-.095a.067.067 0 0 1 .037-.022l6.226-.999.387-.062.17-.354 2.831-5.892c.016-.033.036-.045.05-.05a.045.045 0 0 1 .017-.003c.004 0 .01.002.02.007a.1.1 0 0 1 .041.046l2.83 5.892Z"></path></svg><svg class="w_D5ag w_6H0I w_eDrS" viewbox="0 0 22 22" xmlns="http://www.w3.org/2000/svg"><path d="m13.562 7.028.17.354.387.062 6.226.999c.011.002.029.008.047.034.018.026.03.063.023.106a.133.133 0 0 1-.034.073l-4.476 4.64-.274.284.079.387 1.321 6.467c.009.042 0 .08-.017.109-.018.028-.036.036-.049.04a.04.04 0 0 1-.014 0 .05.05 0 0 1-.017-.006l-5.926-3.032-.341-.175-.342.175-5.926 3.032a.046.046 0 0 1-.02.006c-.004 0-.01 0-.017-.003-.013-.004-.034-.017-.05-.05a.155.155 0 0 1-.01-.096l1.322-6.467.079-.387-.274-.284-4.477-4.64a.136.136 0 0 1-.035-.095c0-.042.014-.075.034-.096a.067.067 0 0 1 .037-.022l6.226-.999.388-.062.17-.354 2.83-5.892c.016-.033.037-.045.05-.05a.045.045 0 0 1 .018-.003c.004 0 .01.002.02.007a.1.1 0 0 1 .04.046l2.832 5.892Z"></path></svg></div><span aria-hidden="true" class="sans-serif gray f7" data-testid="product-reviews" data-value="38">38</span><span class="w_iUH7">3.4 out of 5 Stars. 38 reviews</span></div><div class="mt2"><img alt="ebt" aria-hidden="true" class="v-mid pb1 mr2" height="20" loading="lazy" src="//i5.walmartimages.com/dfw/63fd9f59-2845/2044d79e-92d5-4c08-90a2-0480444a877f/v1/EBT-Logo.svg" width="30"/><span class="gray f6-l f5-m">EBT eligible</span></div><div></div><div class="mt2" data-automation-id="fulfillment-badge"><div class="f7 flex self-baseline dark-gray"><div>Pickup <span class="b">today</span></div></div></div></div></div></div></div></div></div><div class="mb0 ph0-xl pt0-xl bb b--near-white w-25 pb3-m ph1"><div class="h-100 pr4-xl pt3" io-id="4JZ3XQYA9QG0" style="contain-intrinsic-size: 198px 340px;"><div class="sans-serif mid-gray relative flex flex-column w-100 hide-child-opacity" data-item-id="4JZ3XQYA9QG0" role="group"><a class="w-100 h-100 z-1 hide-sibling-opacity absolute" href="/ip/Great-Value-Finely-Shredded-Triple-Cheddar-Cheese-8-oz/46491724?classType=REGULAR&amp;athbdg=L1300&amp;from=/search" link-identifier="46491724" target=""><span class="w_iUH7">Great Value Finely Shredded Triple Cheddar Cheese, 8 oz </span></a><div class="" data-testid="list-view"><div class=""><div class=""><div class="h2 relative nowrap mb1"><span class="w_VbBP w_WKt3 w_U23Z tag-leading-badge absolute" style="background: rgb(222, 28, 36); color: rgb(255, 255, 255); border-radius: 4px; font-weight: 700;">Rollback</span></div><div class="relative"><div class="relative overflow-hidden" style="max-width: 290px; height: 0px; padding-bottom: min(290px, 100%); align-self: center; width: min(290px, 100%);"><span><button aria-label="Sign in to add to Favorites list, Great Value Finely Shredded Triple Cheddar Cheese, 8 oz" class="bg-white pointer pa0 black bn mt1 mr1 pa1 br4 absolute top-0 right-0 z-2" data-automation-id="heart-item" style="width: 32px; height: 32px;" type="button"><i aria-hidden="true" class="ld ld-Heart" style="font-size: 1.5rem; vertical-align: -0.25em; padding-top: 1px; width: 1.5rem; height: 1.5rem; box-sizing: content-box;"></i></button></span><img alt="Great Value Finely Shredded Triple Cheddar Cheese, 8 oz" class="absolute top-0 left-0" data-testid="productTileImage" height="" id="is-0-productImage-33" loading="lazy" src="https://i5.walmartimages.com/seo/Great-Value-Finely-Shredded-Triple-Cheddar-Cheese-8-oz_dc8391d7-5881-4482-8b3e-2dfcad196bba.43630e7d82fc5c631f6d556841870f90.jpeg?odnHeight=580&amp;odnWidth=580&amp;odnBg=FFFFFF" srcset="https://i5.walmartimages.com/seo/Great-Value-Finely-Shredded-Triple-Cheddar-Cheese-8-oz_dc8391d7-5881-4482-8b3e-2dfcad196bba.43630e7d82fc5c631f6d556841870f90.jpeg?odnHeight=290&amp;odnWidth=290&amp;odnBg=FFFFFF 1x, https://i5.walmartimages.com/seo/Great-Value-Finely-Shredded-Triple-Cheddar-Cheese-8-oz_dc8391d7-5881-4482-8b3e-2dfcad196bba.43630e7d82fc5c631f6d556841870f90.jpeg?odnHeight=580&amp;odnWidth=580&amp;odnBg=FFFFFF 2x" width=""/></div><div class="z-2 relative mt3"><div class="relative dib flex-row-reverse" data-id="4JZ3XQYA9QG0"><button aria-label="Add to cart - Great Value Finely Shredded Triple Cheddar Cheese, 8 oz" class="w_hhLG w_8nsR w_jDfj pointer bn sans-serif b ph2 flex items-center justify-center w-auto shadow-1" data-automation-id="add-to-cart" data-pcss-hide="true" type="button"><i class="ld ld-Plus" style="font-size: 1.5rem; vertical-align: -0.25em; width: 1.5rem; height: 1.5rem; box-sizing: content-box;" title="add to cart"></i><span class="mr2">Add</span></button></div></div></div><div class="mt3"></div></div><div class=""><div class="flex flex-wrap justify-start items-center lh-title mb1" data-automation-id="product-price"><div aria-hidden="true" class="mr1 mr2-xl b black green lh-solid f5 f4-l"><span class="f3 mr1">Now</span><span class="f6 f5-l" style="vertical-align: 0.65ex; margin-right: 2px;">$</span><span class="f2">1</span><span class="f6 f5-l" style="vertical-align: 0.75ex;">97</span></div><span class="w_iUH7">current price Now $1.97</span><div aria-hidden="true" class="gray mr1 strike f6 f4-l flex items-end mt1">$2.24</div><span class="w_iUH7">Was $2.24</span><div class="gray mr1 f6 f5-l flex items-end mt1">$3.94/lb</div></div><span class="w_V_DM" style="-webkit-line-clamp: 3; padding-bottom: 0.1em; margin-bottom: -0.1em;"><span class="normal dark-gray mb0 mt1 lh-title f6 f5-l lh-copy" data-automation-id="product-title">Great Value Finely Shredded Triple Cheddar Cheese, 8 oz</span></span><div class="mt2"><img alt="ebt" aria-hidden="true" class="v-mid pb1 mr2" height="20" loading="lazy" src="//i5.walmartimages.com/dfw/63fd9f59-2845/2044d79e-92d5-4c08-90a2-0480444a877f/v1/EBT-Logo.svg" width="30"/><span class="gray f6-l f5-m">EBT eligible</span></div><div></div><div class="mt2" data-automation-id="fulfillment-badge"><div class="f7 flex self-baseline dark-gray"><div>Pickup <span class="b">today</span></div></div></div></div></div></div></div></div></div><div class="mb0 ph0-xl pt0-xl bb b--near-white w-25 pb3-m ph1"><div class="h-100 pr4-xl pt3" io-id="5TA2C0QATEPT" style="contain-intrinsic-size: 198px 340px;"><div class="sans-serif mid-gray relative flex flex-column w-100 hide-child-opacity" data-item-id="5TA2C0QATEPT" role="group"><a class="w-100 h-100 z-1 hide-sibling-opacity absolute" href="/ip/Kraft-Velveeta-Slices-20-Ct-Cheese-16-Oz/10295537?classType=REGULAR&amp;from=/search" link-identifier="10295537" target=""><span class="w_iUH7">Velveeta Slices Original Cheese, 24 Ct Pk </span></a><div class="" data-testid="list-view"><div class=""><div class=""><div class="h2 relative nowrap mb1"></div><div class="relative"><div class="relative overflow-hidden" style="max-width: 290px; height: 0px; padding-bottom: min(290px, 100%); align-self: center; width: min(290px, 100%);"><span><button aria-label="Sign in to add to Favorites list, Velveeta Slices Original Cheese, 24 Ct Pk" class="bg-white pointer pa0 black bn mt1 mr1 pa1 br4 absolute top-0 right-0 z-2" data-automation-id="heart-item" style="width: 32px; height: 32px;" type="button"><i aria-hidden="true" class="ld ld-Heart" style="font-size: 1.5rem; vertical-align: -0.25em; padding-top: 1px; width: 1.5rem; height: 1.5rem; box-sizing: content-box;"></i></button></span><img alt="Velveeta Slices Original Cheese, 24 Ct Pk" class="absolute top-0 left-0" data-testid="productTileImage" height="" id="is-0-productImage-34" loading="lazy" src="https://i5.walmartimages.com/seo/Velveeta-Slices-Original-Cheese-24-Ct-Pk_1ed2df70-60c2-431d-a4b9-97f85015825b.ca42a5c5d7056d07ea047914f8a40472.jpeg?odnHeight=580&amp;odnWidth=580&amp;odnBg=FFFFFF" srcset="https://i5.walmartimages.com/seo/Velveeta-Slices-Original-Cheese-24-Ct-Pk_1ed2df70-60c2-431d-a4b9-97f85015825b.ca42a5c5d7056d07ea047914f8a40472.jpeg?odnHeight=290&amp;odnWidth=290&amp;odnBg=FFFFFF 1x, https://i5.walmartimages.com/seo/Velveeta-Slices-Original-Cheese-24-Ct-Pk_1ed2df70-60c2-431d-a4b9-97f85015825b.ca42a5c5d7056d07ea047914f8a40472.jpeg?odnHeight=580&amp;odnWidth=580&amp;odnBg=FFFFFF 2x" width=""/></div><div class="z-2 relative mt3"><div class="relative dib flex-row-reverse" data-id="5TA2C0QATEPT"><button aria-label="Add to cart - Velveeta Slices Original Cheese, 24 Ct Pk" class="w_hhLG w_8nsR w_jDfj pointer bn sans-serif b ph2 flex items-center justify-center w-auto shadow-1" data-automation-id="add-to-cart" data-pcss-hide="true" type="button"><i class="ld ld-Plus" style="font-size: 1.5rem; vertical-align: -0.25em; width: 1.5rem; height: 1.5rem; box-sizing: content-box;" title="add to cart"></i><span class="mr2">Add</span></button></div></div></div><div class="mt3"></div></div><div class=""><div class="flex flex-wrap justify-start items-center lh-title mb1" data-automation-id="product-price"><div aria-hidden="true" class="mr1 mr2-xl b black lh-solid f5 f4-l"><span class="f3"></span><span class="f6 f5-l" style="vertical-align: 0.65ex; margin-right: 2px;">$</span><span class="f2">3</span><span class="f6 f5-l" style="vertical-align: 0.75ex;">88</span></div><span class="w_iUH7">current price $3.88</span><div class="gray mr1 f6 f5-l flex items-end mt1">$3.88/lb</div></div><span class="w_V_DM" style="-webkit-line-clamp: 3; padding-bottom: 0.1em; margin-bottom: -0.1em;"><span class="normal dark-gray mb0 mt1 lh-title f6 f5-l lh-copy" data-automation-id="product-title">Velveeta Slices Original Cheese, 24 Ct Pk</span></span><div class="mt2"><img alt="ebt" aria-hidden="true" class="v-mid pb1 mr2" height="20" loading="lazy" src="//i5.walmartimages.com/dfw/63fd9f59-2845/2044d79e-92d5-4c08-90a2-0480444a877f/v1/EBT-Logo.svg" width="30"/><span class="gray f6-l f5-m">EBT eligible</span></div><div></div><div class="mt2" data-automation-id="fulfillment-badge"><div class="f7 flex self-baseline dark-gray"><div>Pickup <span class="b">today</span></div></div></div></div></div></div></div></div></div><div class="mb0 ph0-xl pt0-xl bb b--near-white w-25 pb3-m ph1"><div class="h-100 pr4-xl pt3" io-id="1IYX7K0XUFHD" style="contain-intrinsic-size: 198px 340px;"><div class="sans-serif mid-gray relative flex flex-column w-100 hide-child-opacity" data-item-id="1IYX7K0XUFHD" role="group"><a class="w-100 h-100 z-1 hide-sibling-opacity absolute" href="/ip/Great-Value-Colby-Monterey-Jack-Cheese-16-oz-Block-Plastic-Packaging/10452511?classType=REGULAR&amp;from=/search" link-identifier="10452511" target=""><span class="w_iUH7">Great Value Colby &amp; Monterey Jack Cheese, 16 oz Block (Plastic Packaging) </span></a><div class="" data-testid="list-view"><div class=""><div class=""><div class="h2 relative nowrap mb1"></div><div class="relative"><div class="relative overflow-hidden" style="max-width: 290px; height: 0px; padding-bottom: min(290px, 100%); align-self: center; width: min(290px, 100%);"><span><button aria-label="Sign in to add to Favorites list, Great Value Colby &amp; Monterey Jack Cheese, 16 oz Block (Plastic Packaging)" class="bg-white pointer pa0 black bn mt1 mr1 pa1 br4 absolute top-0 right-0 z-2" data-automation-id="heart-item" style="width: 32px; height: 32px;" type="button"><i aria-hidden="true" class="ld ld-Heart" style="font-size: 1.5rem; vertical-align: -0.25em; padding-top: 1px; width: 1.5rem; height: 1.5rem; box-sizing: content-box;"></i></button></span><img alt="Great Value Colby &amp; Monterey Jack Cheese, 16 oz Block (Plastic Packaging)" class="absolute top-0 left-0" data-testid="productTileImage" height="" id="is-0-productImage-35" loading="lazy" src="https://i5.walmartimages.com/seo/Great-Value-Colby-Monterey-Jack-Cheese-16-oz-Block-Plastic-Packaging_bd7134d5-3ada-42bb-8d26-801d3b10ae2e.e2556a21cd2d378ea6d8565e58675c23.jpeg?odnHeight=580&amp;odnWidth=580&amp;odnBg=FFFFFF" srcset="https://i5.walmartimages.com/seo/Great-Value-Colby-Monterey-Jack-Cheese-16-oz-Block-Plastic-Packaging_bd7134d5-3ada-42bb-8d26-801d3b10ae2e.e2556a21cd2d378ea6d8565e58675c23.jpeg?odnHeight=290&amp;odnWidth=290&amp;odnBg=FFFFFF 1x, https://i5.walmartimages.com/seo/Great-Value-Colby-Monterey-Jack-Cheese-16-oz-Block-Plastic-Packaging_bd7134d5-3ada-42bb-8d26-801d3b10ae2e.e2556a21cd2d378ea6d8565e58675c23.jpeg?odnHeight=580&amp;odnWidth=580&amp;odnBg=FFFFFF 2x" width=""/></div><div class="z-2 relative mt3"><div class="relative dib flex-row-reverse" data-id="1IYX7K0XUFHD"><button aria-label="Add to cart - Great Value Colby &amp; Monterey Jack Cheese, 16 oz Block (Plastic Packaging)" class="w_hhLG w_8nsR w_jDfj pointer bn sans-serif b ph2 flex items-center justify-center w-auto shadow-1" data-automation-id="add-to-cart" data-pcss-hide="true" type="button"><i class="ld ld-Plus" style="font-size: 1.5rem; vertical-align: -0.25em; width: 1.5rem; height: 1.5rem; box-sizing: content-box;" title="add to cart"></i><span class="mr2">Add</span></button></div></div></div><div class="mt3"></div></div><div class=""><div class="flex flex-wrap justify-start items-center lh-title mb1" data-automation-id="product-price"><div aria-hidden="true" class="mr1 mr2-xl b black lh-solid f5 f4-l"><span class="f3"></span><span class="f6 f5-l" style="vertical-align: 0.65ex; margin-right: 2px;">$</span><span class="f2">4</span><span class="f6 f5-l" style="vertical-align: 0.75ex;">22</span></div><span class="w_iUH7">current price $4.22</span><div class="gray mr1 f6 f5-l flex items-end mt1">$4.22/lb</div></div><span class="w_V_DM" style="-webkit-line-clamp: 3; padding-bottom: 0.1em; margin-bottom: -0.1em;"><span class="normal dark-gray mb0 mt1 lh-title f6 f5-l lh-copy" data-automation-id="product-title">Great Value Colby &amp; Monterey Jack Cheese, 16 oz Block (Plastic Packaging)</span></span><div class="mt2"><img alt="ebt" aria-hidden="true" class="v-mid pb1 mr2" height="20" loading="lazy" src="//i5.walmartimages.com/dfw/63fd9f59-2845/2044d79e-92d5-4c08-90a2-0480444a877f/v1/EBT-Logo.svg" width="30"/><span class="gray f6-l f5-m">EBT eligible</span></div><div></div><div class="mt2" data-automation-id="fulfillment-badge"><div class="f7 flex self-baseline dark-gray"><div>Pickup <span class="b">today</span></div></div></div></div></div></div></div></div></div><div class="mb0 ph0-xl pt0-xl bb b--near-white w-25 pb3-m ph1"><div class="h-100 pr4-xl pt3" io-id="77X67Z379UP4" style="contain-intrinsic-size: 198px 340px;"><div class="sans-serif mid-gray relative flex flex-column w-100 hide-child-opacity" data-item-id="77X67Z379UP4" role="group"><a class="w-100 h-100 z-1 hide-sibling-opacity absolute" href="/ip/Great-Value-Finely-Shredded-Sharp-Cheddar-Cheese-8-oz/10452431?classType=REGULAR&amp;athbdg=L1300&amp;from=/search" link-identifier="10452431" target=""><span class="w_iUH7">Great Value Finely Shredded Sharp Cheddar Cheese, 8 oz </span></a><div class="" data-testid="list-view"><div class=""><div class=""><div class="h2 relative nowrap mb1"><span class="w_VbBP w_WKt3 w_U23Z tag-leading-badge absolute" style="background: rgb(222, 28, 36); color: rgb(255, 255, 255); border-radius: 4px; font-weight: 700;">Rollback</span></div><div class="relative"><div class="relative overflow-hidden" style="max-width: 290px; height: 0px; padding-bottom: min(290px, 100%); align-self: center; width: min(290px, 100%);"><span><button aria-label="Sign in to add to Favorites list, Great Value Finely Shredded Sharp Cheddar Cheese, 8 oz" class="bg-white pointer pa0 black bn mt1 mr1 pa1 br4 absolute top-0 right-0 z-2" data-automation-id="heart-item" style="width: 32px; height: 32px;" type="button"><i aria-hidden="true" class="ld ld-Heart" style="font-size: 1.5rem; vertical-align: -0.25em; padding-top: 1px; width: 1.5rem; height: 1.5rem; box-sizing: content-box;"></i></button></span><img alt="Great Value Finely Shredded Sharp Cheddar Cheese, 8 oz" class="absolute top-0 left-0" data-testid="productTileImage" height="" id="is-0-productImage-36" loading="lazy" src="https://i5.walmartimages.com/seo/Great-Value-Finely-Shredded-Sharp-Cheddar-Cheese-8-oz_3f490f17-2f67-4e06-9080-4d1c1aa9312e.783aa9b49dcdb9e518be4f97f7a4f158.jpeg?odnHeight=580&amp;odnWidth=580&amp;odnBg=FFFFFF" srcset="https://i5.walmartimages.com/seo/Great-Value-Finely-Shredded-Sharp-Cheddar-Cheese-8-oz_3f490f17-2f67-4e06-9080-4d1c1aa9312e.783aa9b49dcdb9e518be4f97f7a4f158.jpeg?odnHeight=290&amp;odnWidth=290&amp;odnBg=FFFFFF 1x, https://i5.walmartimages.com/seo/Great-Value-Finely-Shredded-Sharp-Cheddar-Cheese-8-oz_3f490f17-2f67-4e06-9080-4d1c1aa9312e.783aa9b49dcdb9e518be4f97f7a4f158.jpeg?odnHeight=580&amp;odnWidth=580&amp;odnBg=FFFFFF 2x" width=""/></div><div class="z-2 relative mt3"><div class="relative dib flex-row-reverse" data-id="77X67Z379UP4"><button aria-label="Add to cart - Great Value Finely Shredded Sharp Cheddar Cheese, 8 oz" class="w_hhLG w_8nsR w_jDfj pointer bn sans-serif b ph2 flex items-center justify-center w-auto shadow-1" data-automation-id="add-to-cart" data-pcss-hide="true" type="button"><i class="ld ld-Plus" style="font-size: 1.5rem; vertical-align: -0.25em; width: 1.5rem; height: 1.5rem; box-sizing: content-box;" title="add to cart"></i><span class="mr2">Add</span></button></div></div></div><div class="mt3"></div></div><div class=""><div class="flex flex-wrap justify-start items-center lh-title mb1" data-automation-id="product-price"><div aria-hidden="true" class="mr1 mr2-xl b black green lh-solid f5 f4-l"><span class="f3 mr1">Now</span><span class="f6 f5-l" style="vertical-align: 0.65ex; margin-right: 2px;">$</span><span class="f2">1</span><span class="f6 f5-l" style="vertical-align: 0.75ex;">97</span></div><span class="w_iUH7">current price Now $1.97</span><div aria-hidden="true" class="gray mr1 strike f6 f4-l flex items-end mt1">$2.24</div><span class="w_iUH7">Was $2.24</span><div class="gray mr1 f6 f5-l flex items-end mt1">$3.94/lb</div></div><span class="w_V_DM" style="-webkit-line-clamp: 3; padding-bottom: 0.1em; margin-bottom: -0.1em;"><span class="normal dark-gray mb0 mt1 lh-title f6 f5-l lh-copy" data-automation-id="product-title">Great Value Finely Shredded Sharp Cheddar Cheese, 8 oz</span></span><div class="mt2"><img alt="ebt" aria-hidden="true" class="v-mid pb1 mr2" height="20" loading="lazy" src="//i5.walmartimages.com/dfw/63fd9f59-2845/2044d79e-92d5-4c08-90a2-0480444a877f/v1/EBT-Logo.svg" width="30"/><span class="gray f6-l f5-m">EBT eligible</span></div><div></div><div class="mt2" data-automation-id="fulfillment-badge"><div class="f7 flex self-baseline dark-gray"><div>Pickup <span class="b">today</span></div></div></div></div></div></div></div></div></div><div class="mb0 ph0-xl pt0-xl bb b--near-white w-25 pb3-m ph1"><div class="h-100 pr4-xl pt3" io-id="1Z24HY19LGQV" style="contain-intrinsic-size: 198px 340px;"><div class="sans-serif mid-gray relative flex flex-column w-100 hide-child-opacity" data-item-id="1Z24HY19LGQV" role="group"><a class="w-100 h-100 z-1 hide-sibling-opacity absolute" href="/ip/Great-Value-Deli-Style-Sliced-Swiss-Cheese-8oz-12-Slices-Plastic-Packaging/152351343?classType=REGULAR&amp;from=/search" link-identifier="152351343" target=""><span class="w_iUH7">Great Value Deli Style Sliced Swiss Cheese, 8oz, 12 Slices (Plastic Packaging) </span></a><div class="" data-testid="list-view"><div class=""><div class=""><div class="h2 relative nowrap mb1"></div><div class="relative"><div class="relative overflow-hidden" style="max-width: 290px; height: 0px; padding-bottom: min(290px, 100%); align-self: center; width: min(290px, 100%);"><span><button aria-label="Sign in to add to Favorites list, Great Value Deli Style Sliced Swiss Cheese, 8oz, 12 Slices (Plastic Packaging)" class="bg-white pointer pa0 black bn mt1 mr1 pa1 br4 absolute top-0 right-0 z-2" data-automation-id="heart-item" style="width: 32px; height: 32px;" type="button"><i aria-hidden="true" class="ld ld-Heart" style="font-size: 1.5rem; vertical-align: -0.25em; padding-top: 1px; width: 1.5rem; height: 1.5rem; box-sizing: content-box;"></i></button></span><img alt="Great Value Deli Style Sliced Swiss Cheese, 8oz, 12 Slices (Plastic Packaging)" class="absolute top-0 left-0" data-testid="productTileImage" height="" id="is-0-productImage-37" loading="lazy" src="https://i5.walmartimages.com/seo/Great-Value-Deli-Style-Sliced-Swiss-Cheese-8oz-12-Slices-Plastic-Packaging_9f43892f-9377-4c34-af8a-4e7d86f851bf.a2c0b0528dc215cc60698cf0fd59d033.jpeg?odnHeight=580&amp;odnWidth=580&amp;odnBg=FFFFFF" srcset="https://i5.walmartimages.com/seo/Great-Value-Deli-Style-Sliced-Swiss-Cheese-8oz-12-Slices-Plastic-Packaging_9f43892f-9377-4c34-af8a-4e7d86f851bf.a2c0b0528dc215cc60698cf0fd59d033.jpeg?odnHeight=290&amp;odnWidth=290&amp;odnBg=FFFFFF 1x, https://i5.walmartimages.com/seo/Great-Value-Deli-Style-Sliced-Swiss-Cheese-8oz-12-Slices-Plastic-Packaging_9f43892f-9377-4c34-af8a-4e7d86f851bf.a2c0b0528dc215cc60698cf0fd59d033.jpeg?odnHeight=580&amp;odnWidth=580&amp;odnBg=FFFFFF 2x" width=""/></div><div class="z-2 relative mt3"><div class="relative dib flex-row-reverse" data-id="1Z24HY19LGQV"><button aria-label="Add to cart - Great Value Deli Style Sliced Swiss Cheese, 8oz, 12 Slices (Plastic Packaging)" class="w_hhLG w_8nsR w_jDfj pointer bn sans-serif b ph2 flex items-center justify-center w-auto shadow-1" data-automation-id="add-to-cart" data-pcss-hide="true" type="button"><i class="ld ld-Plus" style="font-size: 1.5rem; vertical-align: -0.25em; width: 1.5rem; height: 1.5rem; box-sizing: content-box;" title="add to cart"></i><span class="mr2">Add</span></button></div></div></div><div class="mt3"></div></div><div class=""><div class="flex flex-wrap justify-start items-center lh-title mb1" data-automation-id="product-price"><div aria-hidden="true" class="mr1 mr2-xl b black lh-solid f5 f4-l"><span class="f3"></span><span class="f6 f5-l" style="vertical-align: 0.65ex; margin-right: 2px;">$</span><span class="f2">2</span><span class="f6 f5-l" style="vertical-align: 0.75ex;">24</span></div><span class="w_iUH7">current price $2.24</span><div class="gray mr1 f6 f5-l flex items-end mt1">$4.48/lb</div></div><span class="w_V_DM" style="-webkit-line-clamp: 3; padding-bottom: 0.1em; margin-bottom: -0.1em;"><span class="normal dark-gray mb0 mt1 lh-title f6 f5-l lh-copy" data-automation-id="product-title">Great Value Deli Style Sliced Swiss Cheese, 8oz, 12 Slices (Plastic Packaging)</span></span><div class="mt2"><img alt="ebt" aria-hidden="true" class="v-mid pb1 mr2" height="20" loading="lazy" src="//i5.walmartimages.com/dfw/63fd9f59-2845/2044d79e-92d5-4c08-90a2-0480444a877f/v1/EBT-Logo.svg" width="30"/><span class="gray f6-l f5-m">EBT eligible</span></div><div></div><div class="mt2" data-automation-id="fulfillment-badge"><div class="f7 flex self-baseline dark-gray"><div>Pickup <span class="b">today</span></div></div></div></div></div></div></div></div></div><div class="mb0 ph0-xl pt0-xl bb b--near-white w-25 pb3-m ph1"><div class="h-100 pr4-xl pt3" io-id="5UZ8S1G32GKH" style="contain-intrinsic-size: 198px 340px;"><div class="sans-serif mid-gray relative flex flex-column w-100 hide-child-opacity" data-item-id="5UZ8S1G32GKH" role="group"><a class="w-100 h-100 z-1 hide-sibling-opacity absolute" href="/ip/Kraft-Singles-American-Cheese-Slices-16-Ct-Pk/11964619?classType=REGULAR&amp;from=/search" link-identifier="11964619" target=""><span class="w_iUH7">Kraft Singles American Cheese Slices, 16 Ct Pk </span></a><div class="" data-testid="list-view"><div class=""><div class=""><div class="h2 relative nowrap mb1"></div><div class="relative"><div class="relative overflow-hidden" style="max-width: 290px; height: 0px; padding-bottom: min(290px, 100%); align-self: center; width: min(290px, 100%);"><span><button aria-label="Sign in to add to Favorites list, Kraft Singles American Cheese Slices, 16 Ct Pk" class="bg-white pointer pa0 black bn mt1 mr1 pa1 br4 absolute top-0 right-0 z-2" data-automation-id="heart-item" style="width: 32px; height: 32px;" type="button"><i aria-hidden="true" class="ld ld-Heart" style="font-size: 1.5rem; vertical-align: -0.25em; padding-top: 1px; width: 1.5rem; height: 1.5rem; box-sizing: content-box;"></i></button></span><img alt="Kraft Singles American Cheese Slices, 16 Ct Pk" class="absolute top-0 left-0" data-testid="productTileImage" height="" id="is-0-productImage-38" loading="lazy" src="https://i5.walmartimages.com/seo/Kraft-Singles-American-Cheese-Slices-16-Ct-Pk_0f082934-8305-49f7-8eea-019aa6357ca5.e28dccb3e3ae3b04724f22803411c2c2.jpeg?odnHeight=580&amp;odnWidth=580&amp;odnBg=FFFFFF" srcset="https://i5.walmartimages.com/seo/Kraft-Singles-American-Cheese-Slices-16-Ct-Pk_0f082934-8305-49f7-8eea-019aa6357ca5.e28dccb3e3ae3b04724f22803411c2c2.jpeg?odnHeight=290&amp;odnWidth=290&amp;odnBg=FFFFFF 1x, https://i5.walmartimages.com/seo/Kraft-Singles-American-Cheese-Slices-16-Ct-Pk_0f082934-8305-49f7-8eea-019aa6357ca5.e28dccb3e3ae3b04724f22803411c2c2.jpeg?odnHeight=580&amp;odnWidth=580&amp;odnBg=FFFFFF 2x" width=""/></div><div class="z-2 relative mt3"><div class="relative dib flex-row-reverse" data-id="5UZ8S1G32GKH"><button aria-label="Add to cart - Kraft Singles American Cheese Slices, 16 Ct Pk" class="w_hhLG w_8nsR w_jDfj pointer bn sans-serif b ph2 flex items-center justify-center w-auto shadow-1" data-automation-id="add-to-cart" data-pcss-hide="true" type="button"><i class="ld ld-Plus" style="font-size: 1.5rem; vertical-align: -0.25em; width: 1.5rem; height: 1.5rem; box-sizing: content-box;" title="add to cart"></i><span class="mr2">Add</span></button></div></div></div><div class="mt3"></div></div><div class=""><div class="flex flex-wrap justify-start items-center lh-title mb1" data-automation-id="product-price"><div aria-hidden="true" class="mr1 mr2-xl b black lh-solid f5 f4-l"><span class="f3"></span><span class="f6 f5-l" style="vertical-align: 0.65ex; margin-right: 2px;">$</span><span class="f2">3</span><span class="f6 f5-l" style="vertical-align: 0.75ex;">86</span></div><span class="w_iUH7">current price $3.86</span><div class="gray mr1 f6 f5-l flex items-end mt1">$5.15/lb</div></div><span class="w_V_DM" style="-webkit-line-clamp: 3; padding-bottom: 0.1em; margin-bottom: -0.1em;"><span class="normal dark-gray mb0 mt1 lh-title f6 f5-l lh-copy" data-automation-id="product-title">Kraft Singles American Cheese Slices, 16 Ct Pk</span></span><div class="mt2"><img alt="ebt" aria-hidden="true" class="v-mid pb1 mr2" height="20" loading="lazy" src="//i5.walmartimages.com/dfw/63fd9f59-2845/2044d79e-92d5-4c08-90a2-0480444a877f/v1/EBT-Logo.svg" width="30"/><span class="gray f6-l f5-m">EBT eligible</span></div><div></div><div class="mt2" data-automation-id="fulfillment-badge"><div class="f7 flex self-baseline dark-gray"><div>Pickup <span class="b">today</span></div></div></div></div></div></div></div></div></div><div class="mb0 ph0-xl pt0-xl bb b--near-white w-25 pb3-m ph1"><div class="h-100 pr4-xl pt3" io-id="559IKYXGV5QH" style="contain-intrinsic-size: 198px 340px;"><div class="sans-serif mid-gray relative flex flex-column w-100 hide-child-opacity" data-item-id="559IKYXGV5QH" role="group"><a class="w-100 h-100 z-1 hide-sibling-opacity absolute" href="/ip/Kraft-Finely-Shredded-Mexican-Style-Four-Cheese-Blend-8-oz/47088918?classType=REGULAR&amp;from=/search" link-identifier="47088918" target=""><span class="w_iUH7">Kraft Mexican Style Four Cheese Blend Shredded Cheese, 8 oz Bag </span></a><div class="" data-testid="list-view"><div class=""><div class=""><div class="h2 relative nowrap mb1"></div><div class="relative"><div class="relative overflow-hidden" style="max-width: 290px; height: 0px; padding-bottom: min(290px, 100%); align-self: center; width: min(290px, 100%);"><span><button aria-label="Sign in to add to Favorites list, Kraft Mexican Style Four Cheese Blend Shredded Cheese, 8 oz Bag" class="bg-white pointer pa0 black bn mt1 mr1 pa1 br4 absolute top-0 right-0 z-2" data-automation-id="heart-item" style="width: 32px; height: 32px;" type="button"><i aria-hidden="true" class="ld ld-Heart" style="font-size: 1.5rem; vertical-align: -0.25em; padding-top: 1px; width: 1.5rem; height: 1.5rem; box-sizing: content-box;"></i></button></span><img alt="Kraft Mexican Style Four Cheese Blend Shredded Cheese, 8 oz Bag" class="absolute top-0 left-0" data-testid="productTileImage" height="" id="is-0-productImage-39" loading="lazy" src="https://i5.walmartimages.com/seo/Kraft-Mexican-Style-Four-Cheese-Blend-Shredded-Cheese-8-oz-Bag_cdacc1a2-5c24-4a5b-b47c-dd546d9b58c6.01361f3f270c4e7063f13d0081a8c0e8.jpeg?odnHeight=580&amp;odnWidth=580&amp;odnBg=FFFFFF" srcset="https://i5.walmartimages.com/seo/Kraft-Mexican-Style-Four-Cheese-Blend-Shredded-Cheese-8-oz-Bag_cdacc1a2-5c24-4a5b-b47c-dd546d9b58c6.01361f3f270c4e7063f13d0081a8c0e8.jpeg?odnHeight=290&amp;odnWidth=290&amp;odnBg=FFFFFF 1x, https://i5.walmartimages.com/seo/Kraft-Mexican-Style-Four-Cheese-Blend-Shredded-Cheese-8-oz-Bag_cdacc1a2-5c24-4a5b-b47c-dd546d9b58c6.01361f3f270c4e7063f13d0081a8c0e8.jpeg?odnHeight=580&amp;odnWidth=580&amp;odnBg=FFFFFF 2x" width=""/></div><div class="z-2 relative mt3"><div class="relative dib flex-row-reverse" data-id="559IKYXGV5QH"><button aria-label="Add to cart - Kraft Mexican Style Four Cheese Blend Shredded Cheese, 8 oz Bag" class="w_hhLG w_8nsR w_jDfj pointer bn sans-serif b ph2 flex items-center justify-center w-auto shadow-1" data-automation-id="add-to-cart" data-pcss-hide="true" type="button"><i class="ld ld-Plus" style="font-size: 1.5rem; vertical-align: -0.25em; width: 1.5rem; height: 1.5rem; box-sizing: content-box;" title="add to cart"></i><span class="mr2">Add</span></button></div></div></div><div class="mt3"></div></div><div class=""><div class="flex flex-wrap justify-start items-center lh-title mb1" data-automation-id="product-price"><div aria-hidden="true" class="mr1 mr2-xl b black lh-solid f5 f4-l"><span class="f3"></span><span class="f6 f5-l" style="vertical-align: 0.65ex; margin-right: 2px;">$</span><span class="f2">2</span><span class="f6 f5-l" style="vertical-align: 0.75ex;">98</span></div><span class="w_iUH7">current price $2.98</span><div class="gray mr1 f6 f5-l flex items-end mt1">$5.96/lb</div></div><span class="w_V_DM" style="-webkit-line-clamp: 3; padding-bottom: 0.1em; margin-bottom: -0.1em;"><span class="normal dark-gray mb0 mt1 lh-title f6 f5-l lh-copy" data-automation-id="product-title">Kraft Mexican Style Four Cheese Blend Shredded Cheese, 8 oz Bag</span></span><div class="mt2"><img alt="ebt" aria-hidden="true" class="v-mid pb1 mr2" height="20" loading="lazy" src="//i5.walmartimages.com/dfw/63fd9f59-2845/2044d79e-92d5-4c08-90a2-0480444a877f/v1/EBT-Logo.svg" width="30"/><span class="gray f6-l f5-m">EBT eligible</span></div><div></div><div class="mt2" data-automation-id="fulfillment-badge"><div class="f7 flex self-baseline dark-gray"><div>Pickup <span class="b">today</span></div></div></div></div></div></div></div></div></div><div class="mb0 ph0-xl pt0-xl bb b--near-white w-25 pb3-m ph1"><div class="h-100 pr4-xl pt3" io-id="1O0YKBLQ39WQ" style="contain-intrinsic-size: 198px 340px;"><div class="sans-serif mid-gray relative flex flex-column w-100 hide-child-opacity" data-item-id="1O0YKBLQ39WQ" role="group"><a class="w-100 h-100 z-1 hide-sibling-opacity absolute" href="/ip/Great-Value-Shredded-Colby-Monterey-Jack-Cheese-32-oz/10452560?classType=REGULAR&amp;athbdg=L1300&amp;from=/search" link-identifier="10452560" target=""><span class="w_iUH7">Great Value Shredded Colby &amp; Monterey Jack Cheese, 32 oz </span></a><div class="" data-testid="list-view"><div class=""><div class=""><div class="h2 relative nowrap mb1"><span class="w_VbBP w_WKt3 w_U23Z tag-leading-badge absolute" style="background: rgb(222, 28, 36); color: rgb(255, 255, 255); border-radius: 4px; font-weight: 700;">Rollback</span></div><div class="relative"><div class="relative overflow-hidden" style="max-width: 290px; height: 0px; padding-bottom: min(290px, 100%); align-self: center; width: min(290px, 100%);"><span><button aria-label="Sign in to add to Favorites list, Great Value Shredded Colby &amp; Monterey Jack Cheese, 32 oz" class="bg-white pointer pa0 black bn mt1 mr1 pa1 br4 absolute top-0 right-0 z-2" data-automation-id="heart-item" style="width: 32px; height: 32px;" type="button"><i aria-hidden="true" class="ld ld-Heart" style="font-size: 1.5rem; vertical-align: -0.25em; padding-top: 1px; width: 1.5rem; height: 1.5rem; box-sizing: content-box;"></i></button></span><img alt="Great Value Shredded Colby &amp; Monterey Jack Cheese, 32 oz" class="absolute top-0 left-0" data-testid="productTileImage" height="" id="is-0-productImage-40" loading="lazy" src="https://i5.walmartimages.com/seo/Great-Value-Shredded-Colby-Monterey-Jack-Cheese-32-oz_dd28ae44-3bcc-4640-b90d-7d9dde26d60e.c143fcd8e52ed32908d3049c0b7107d0.jpeg?odnHeight=580&amp;odnWidth=580&amp;odnBg=FFFFFF" srcset="https://i5.walmartimages.com/seo/Great-Value-Shredded-Colby-Monterey-Jack-Cheese-32-oz_dd28ae44-3bcc-4640-b90d-7d9dde26d60e.c143fcd8e52ed32908d3049c0b7107d0.jpeg?odnHeight=290&amp;odnWidth=290&amp;odnBg=FFFFFF 1x, https://i5.walmartimages.com/seo/Great-Value-Shredded-Colby-Monterey-Jack-Cheese-32-oz_dd28ae44-3bcc-4640-b90d-7d9dde26d60e.c143fcd8e52ed32908d3049c0b7107d0.jpeg?odnHeight=580&amp;odnWidth=580&amp;odnBg=FFFFFF 2x" width=""/></div><div class="z-2 relative mt3"><div class="relative dib flex-row-reverse" data-id="1O0YKBLQ39WQ"><button aria-label="Add to cart - Great Value Shredded Colby &amp; Monterey Jack Cheese, 32 oz" class="w_hhLG w_8nsR w_jDfj pointer bn sans-serif b ph2 flex items-center justify-center w-auto shadow-1" data-automation-id="add-to-cart" data-pcss-hide="true" type="button"><i class="ld ld-Plus" style="font-size: 1.5rem; vertical-align: -0.25em; width: 1.5rem; height: 1.5rem; box-sizing: content-box;" title="add to cart"></i><span class="mr2">Add</span></button></div></div></div><div class="mt3"></div></div><div class=""><div class="flex flex-wrap justify-start items-center lh-title mb1" data-automation-id="product-price"><div aria-hidden="true" class="mr1 mr2-xl b black green lh-solid f5 f4-l"><span class="f3 mr1">Now</span><span class="f6 f5-l" style="vertical-align: 0.65ex; margin-right: 2px;">$</span><span class="f2">7</span><span class="f6 f5-l" style="vertical-align: 0.75ex;">38</span></div><span class="w_iUH7">current price Now $7.38</span><div aria-hidden="true" class="gray mr1 strike f6 f4-l flex items-end mt1">$8.24</div><span class="w_iUH7">Was $8.24</span><div class="gray mr1 f6 f5-l flex items-end mt1">$3.69/lb</div></div><span class="w_V_DM" style="-webkit-line-clamp: 3; padding-bottom: 0.1em; margin-bottom: -0.1em;"><span class="normal dark-gray mb0 mt1 lh-title f6 f5-l lh-copy" data-automation-id="product-title">Great Value Shredded Colby &amp; Monterey Jack Cheese, 32 oz</span></span><div class="mt2"><img alt="ebt" aria-hidden="true" class="v-mid pb1 mr2" height="20" loading="lazy" src="//i5.walmartimages.com/dfw/63fd9f59-2845/2044d79e-92d5-4c08-90a2-0480444a877f/v1/EBT-Logo.svg" width="30"/><span class="gray f6-l f5-m">EBT eligible</span></div><div></div><div class="mt2" data-automation-id="fulfillment-badge"><div class="f7 flex self-baseline dark-gray"><div>Pickup <span class="b">today</span></div></div></div></div></div></div></div></div></div><div class="mb0 ph0-xl pt0-xl bb b--near-white w-25 pb3-m ph1"><div class="h-100 pr4-xl pt3" io-id="25QS8TXR7LUT" style="contain-intrinsic-size: 198px 340px;"><div class="sans-serif mid-gray relative flex flex-column w-100 hide-child-opacity" data-item-id="25QS8TXR7LUT" role="group"><a class="w-100 h-100 z-1 hide-sibling-opacity absolute" href="/ip/Great-Value-Pepper-Jack-Cheese-8-oz-Block-Plastic-Packaging/10452775?classType=REGULAR&amp;from=/search" link-identifier="10452775" target=""><span class="w_iUH7">Great Value Pepper Jack Cheese, 8 oz Block (Plastic Packaging) </span></a><div class="" data-testid="list-view"><div class=""><div class=""><div class="relative"><div class="relative overflow-hidden" style="max-width: 290px; height: 0px; padding-bottom: min(290px, 100%); align-self: center; width: min(290px, 100%);"><span><button aria-label="Sign in to add to Favorites list, Great Value Pepper Jack Cheese, 8 oz Block (Plastic Packaging)" class="bg-white pointer pa0 black bn mt1 mr1 pa1 br4 absolute top-0 right-0 z-2" data-automation-id="heart-item" style="width: 32px; height: 32px;" type="button"><i aria-hidden="true" class="ld ld-Heart" style="font-size: 1.5rem; vertical-align: -0.25em; padding-top: 1px; width: 1.5rem; height: 1.5rem; box-sizing: content-box;"></i></button></span><img alt="Great Value Pepper Jack Cheese, 8 oz Block (Plastic Packaging)" class="absolute top-0 left-0" data-testid="productTileImage" height="" id="is-0-productImage-41" loading="lazy" src="https://i5.walmartimages.com/seo/Great-Value-Pepper-Jack-Cheese-8-oz-Block-Plastic-Packaging_8ff9b181-0b1c-4dbe-b752-8fb8b5f3db3e.6526669959ea1acfdaa96307e76e65fb.jpeg?odnHeight=580&amp;odnWidth=580&amp;odnBg=FFFFFF" srcset="https://i5.walmartimages.com/seo/Great-Value-Pepper-Jack-Cheese-8-oz-Block-Plastic-Packaging_8ff9b181-0b1c-4dbe-b752-8fb8b5f3db3e.6526669959ea1acfdaa96307e76e65fb.jpeg?odnHeight=290&amp;odnWidth=290&amp;odnBg=FFFFFF 1x, https://i5.walmartimages.com/seo/Great-Value-Pepper-Jack-Cheese-8-oz-Block-Plastic-Packaging_8ff9b181-0b1c-4dbe-b752-8fb8b5f3db3e.6526669959ea1acfdaa96307e76e65fb.jpeg?odnHeight=580&amp;odnWidth=580&amp;odnBg=FFFFFF 2x" width=""/></div><div class="z-2 relative mt3"><div class="relative dib flex-row-reverse" data-id="25QS8TXR7LUT"><button aria-label="Add to cart - Great Value Pepper Jack Cheese, 8 oz Block (Plastic Packaging)" class="w_hhLG w_8nsR w_jDfj pointer bn sans-serif b ph2 flex items-center justify-center w-auto shadow-1" data-automation-id="add-to-cart" data-pcss-hide="true" type="button"><i class="ld ld-Plus" style="font-size: 1.5rem; vertical-align: -0.25em; width: 1.5rem; height: 1.5rem; box-sizing: content-box;" title="add to cart"></i><span class="mr2">Add</span></button></div></div></div><div class="mt3"></div></div><div class=""><div class="flex flex-wrap justify-start items-center lh-title mb1" data-automation-id="product-price"><div aria-hidden="true" class="mr1 mr2-xl b black lh-solid f5 f4-l"><span class="f3"></span><span class="f6 f5-l" style="vertical-align: 0.65ex; margin-right: 2px;">$</span><span class="f2">2</span><span class="f6 f5-l" style="vertical-align: 0.75ex;">24</span></div><span class="w_iUH7">current price $2.24</span><div class="gray mr1 f6 f5-l flex items-end mt1">$4.48/lb</div></div><span class="w_V_DM" style="-webkit-line-clamp: 3; padding-bottom: 0.1em; margin-bottom: -0.1em;"><span class="normal dark-gray mb0 mt1 lh-title f6 f5-l lh-copy" data-automation-id="product-title">Great Value Pepper Jack Cheese, 8 oz Block (Plastic Packaging)</span></span><div class="mt2"><img alt="ebt" aria-hidden="true" class="v-mid pb1 mr2" height="20" loading="lazy" src="//i5.walmartimages.com/dfw/63fd9f59-2845/2044d79e-92d5-4c08-90a2-0480444a877f/v1/EBT-Logo.svg" width="30"/><span class="gray f6-l f5-m">EBT eligible</span></div><div></div><div class="mt2" data-automation-id="fulfillment-badge"><div class="f7 flex self-baseline dark-gray"><div>Pickup <span class="b">today</span></div></div></div></div></div></div></div></div></div><div class="mb0 ph0-xl pt0-xl bb b--near-white w-25 pb3-m ph1"><div class="h-100 pr4-xl pt3" io-id="381HKA3832FK" style="contain-intrinsic-size: 198px 340px;"><div class="sans-serif mid-gray relative flex flex-column w-100 hide-child-opacity" data-item-id="381HKA3832FK" role="group"><a class="w-100 h-100 z-1 hide-sibling-opacity absolute" href="/ip/Great-Value-Deli-Style-Sliced-Sharp-Cheddar-Cheese-8-oz-12-Slices/15077514?classType=REGULAR&amp;from=/search" link-identifier="15077514" target=""><span class="w_iUH7">Great Value Deli Style Sliced Sharp Cheddar Cheese, 8 oz, 12 Slices </span></a><div class="" data-testid="list-view"><div class=""><div class=""><div class="relative"><div class="relative overflow-hidden" style="max-width: 290px; height: 0px; padding-bottom: min(290px, 100%); align-self: center; width: min(290px, 100%);"><span><button aria-label="Sign in to add to Favorites list, Great Value Deli Style Sliced Sharp Cheddar Cheese, 8 oz, 12 Slices" class="bg-white pointer pa0 black bn mt1 mr1 pa1 br4 absolute top-0 right-0 z-2" data-automation-id="heart-item" style="width: 32px; height: 32px;" type="button"><i aria-hidden="true" class="ld ld-Heart" style="font-size: 1.5rem; vertical-align: -0.25em; padding-top: 1px; width: 1.5rem; height: 1.5rem; box-sizing: content-box;"></i></button></span><img alt="Great Value Deli Style Sliced Sharp Cheddar Cheese, 8 oz, 12 Slices" class="absolute top-0 left-0" data-testid="productTileImage" height="" id="is-0-productImage-42" loading="lazy" src="https://i5.walmartimages.com/seo/Great-Value-Deli-Style-Sliced-Sharp-Cheddar-Cheese-8-oz-12-Slices_91ef6562-2c52-4d0b-9808-172229172327.4c546908a4feec6ed70a7896e378c9f7.jpeg?odnHeight=580&amp;odnWidth=580&amp;odnBg=FFFFFF" srcset="https://i5.walmartimages.com/seo/Great-Value-Deli-Style-Sliced-Sharp-Cheddar-Cheese-8-oz-12-Slices_91ef6562-2c52-4d0b-9808-172229172327.4c546908a4feec6ed70a7896e378c9f7.jpeg?odnHeight=290&amp;odnWidth=290&amp;odnBg=FFFFFF 1x, https://i5.walmartimages.com/seo/Great-Value-Deli-Style-Sliced-Sharp-Cheddar-Cheese-8-oz-12-Slices_91ef6562-2c52-4d0b-9808-172229172327.4c546908a4feec6ed70a7896e378c9f7.jpeg?odnHeight=580&amp;odnWidth=580&amp;odnBg=FFFFFF 2x" width=""/></div><div class="z-2 relative mt3"><div class="relative dib flex-row-reverse" data-id="381HKA3832FK"><button aria-label="Add to cart - Great Value Deli Style Sliced Sharp Cheddar Cheese, 8 oz, 12 Slices" class="w_hhLG w_8nsR w_jDfj pointer bn sans-serif b ph2 flex items-center justify-center w-auto shadow-1" data-automation-id="add-to-cart" data-pcss-hide="true" type="button"><i class="ld ld-Plus" style="font-size: 1.5rem; vertical-align: -0.25em; width: 1.5rem; height: 1.5rem; box-sizing: content-box;" title="add to cart"></i><span class="mr2">Add</span></button></div></div></div><div class="mt3"></div></div><div class=""><div class="flex flex-wrap justify-start items-center lh-title mb1" data-automation-id="product-price"><div aria-hidden="true" class="mr1 mr2-xl b black lh-solid f5 f4-l"><span class="f3"></span><span class="f6 f5-l" style="vertical-align: 0.65ex; margin-right: 2px;">$</span><span class="f2">2</span><span class="f6 f5-l" style="vertical-align: 0.75ex;">24</span></div><span class="w_iUH7">current price $2.24</span><div class="gray mr1 f6 f5-l flex items-end mt1">$4.48/lb</div></div><span class="w_V_DM" style="-webkit-line-clamp: 3; padding-bottom: 0.1em; margin-bottom: -0.1em;"><span class="normal dark-gray mb0 mt1 lh-title f6 f5-l lh-copy" data-automation-id="product-title">Great Value Deli Style Sliced Sharp Cheddar Cheese, 8 oz, 12 Slices</span></span><div class="mt2"><img alt="ebt" aria-hidden="true" class="v-mid pb1 mr2" height="20" loading="lazy" src="//i5.walmartimages.com/dfw/63fd9f59-2845/2044d79e-92d5-4c08-90a2-0480444a877f/v1/EBT-Logo.svg" width="30"/><span class="gray f6-l f5-m">EBT eligible</span></div><div></div><div class="mt2" data-automation-id="fulfillment-badge"><div class="f7 flex self-baseline dark-gray"><div>Pickup <span class="b">today</span></div></div></div></div></div></div></div></div></div><div class="mb0 ph0-xl pt0-xl bb b--near-white w-25 pb3-m ph1"><div class="h-100 pr4-xl pt3" io-id="4JRTXG6W87Y7" style="contain-intrinsic-size: 198px 340px;"><div class="sans-serif mid-gray relative flex flex-column w-100 hide-child-opacity" data-item-id="4JRTXG6W87Y7" role="group"><a class="w-100 h-100 z-1 hide-sibling-opacity absolute" href="/ip/Great-Value-Block-Gouda-Cheese-8-oz/163756681?classType=REGULAR&amp;from=/search" link-identifier="163756681" target=""><span class="w_iUH7">Great Value Block Gouda Cheese, 8 oz </span></a><div class="" data-testid="list-view"><div class=""><div class=""><div class="relative"><div class="relative overflow-hidden" style="max-width: 290px; height: 0px; padding-bottom: min(290px, 100%); align-self: center; width: min(290px, 100%);"><span><button aria-label="Sign in to add to Favorites list, Great Value Block Gouda Cheese, 8 oz" class="bg-white pointer pa0 black bn mt1 mr1 pa1 br4 absolute top-0 right-0 z-2" data-automation-id="heart-item" style="width: 32px; height: 32px;" type="button"><i aria-hidden="true" class="ld ld-Heart" style="font-size: 1.5rem; vertical-align: -0.25em; padding-top: 1px; width: 1.5rem; height: 1.5rem; box-sizing: content-box;"></i></button></span><img alt="Great Value Block Gouda Cheese, 8 oz" class="absolute top-0 left-0" data-testid="productTileImage" height="" id="is-0-productImage-43" loading="lazy" src="https://i5.walmartimages.com/seo/Great-Value-Block-Gouda-Cheese-8-oz_7650a579-5e92-4c8e-af04-040d0df31ee0.1b225eae8708e10687d640b7b62ef1b8.jpeg?odnHeight=580&amp;odnWidth=580&amp;odnBg=FFFFFF" srcset="https://i5.walmartimages.com/seo/Great-Value-Block-Gouda-Cheese-8-oz_7650a579-5e92-4c8e-af04-040d0df31ee0.1b225eae8708e10687d640b7b62ef1b8.jpeg?odnHeight=290&amp;odnWidth=290&amp;odnBg=FFFFFF 1x, https://i5.walmartimages.com/seo/Great-Value-Block-Gouda-Cheese-8-oz_7650a579-5e92-4c8e-af04-040d0df31ee0.1b225eae8708e10687d640b7b62ef1b8.jpeg?odnHeight=580&amp;odnWidth=580&amp;odnBg=FFFFFF 2x" width=""/></div><div class="z-2 relative mt3"><div class="relative dib flex-row-reverse" data-id="4JRTXG6W87Y7"><button aria-label="Add to cart - Great Value Block Gouda Cheese, 8 oz" class="w_hhLG w_8nsR w_jDfj pointer bn sans-serif b ph2 flex items-center justify-center w-auto shadow-1" data-automation-id="add-to-cart" data-pcss-hide="true" type="button"><i class="ld ld-Plus" style="font-size: 1.5rem; vertical-align: -0.25em; width: 1.5rem; height: 1.5rem; box-sizing: content-box;" title="add to cart"></i><span class="mr2">Add</span></button></div></div></div><div class="mt3"></div></div><div class=""><div class="flex flex-wrap justify-start items-center lh-title mb1" data-automation-id="product-price"><div aria-hidden="true" class="mr1 mr2-xl b black lh-solid f5 f4-l"><span class="f3"></span><span class="f6 f5-l" style="vertical-align: 0.65ex; margin-right: 2px;">$</span><span class="f2">2</span><span class="f6 f5-l" style="vertical-align: 0.75ex;">24</span></div><span class="w_iUH7">current price $2.24</span><div class="gray mr1 f6 f5-l flex items-end mt1">$4.48/lb</div></div><span class="w_V_DM" style="-webkit-line-clamp: 3; padding-bottom: 0.1em; margin-bottom: -0.1em;"><span class="normal dark-gray mb0 mt1 lh-title f6 f5-l lh-copy" data-automation-id="product-title">Great Value Block Gouda Cheese, 8 oz</span></span><div class="mt2"><img alt="ebt" aria-hidden="true" class="v-mid pb1 mr2" height="20" loading="lazy" src="//i5.walmartimages.com/dfw/63fd9f59-2845/2044d79e-92d5-4c08-90a2-0480444a877f/v1/EBT-Logo.svg" width="30"/><span class="gray f6-l f5-m">EBT eligible</span></div><div></div><div class="mt2" data-automation-id="fulfillment-badge"><div class="f7 flex self-baseline dark-gray"><div>Pickup <span class="b">today</span></div></div></div></div></div></div></div></div></div><div class="mb0 ph0-xl pt0-xl bb b--near-white w-25 pb3-m ph1"><div class="h-100 pr4-xl pt3" io-id="1ETZAFJJR08C" style="contain-intrinsic-size: 198px 340px;"><div class="sans-serif mid-gray relative flex flex-column w-100 hide-child-opacity" data-item-id="1ETZAFJJR08C" role="group"><a class="w-100 h-100 z-1 hide-sibling-opacity absolute" href="/ip/Kraft-Singles-American-Slices-32-Ct-Twin-Pk-Cheese-24-Oz/10452903?classType=REGULAR&amp;from=/search" link-identifier="10452903" target=""><span class="w_iUH7">Kraft Singles American Cheese Slices Twin Pk, 32 Ct Pk </span></a><div class="" data-testid="list-view"><div class=""><div class=""><div class="relative"><div class="relative overflow-hidden" style="max-width: 290px; height: 0px; padding-bottom: min(290px, 100%); align-self: center; width: min(290px, 100%);"><span><button aria-label="Sign in to add to Favorites list, Kraft Singles American Cheese Slices Twin Pk, 32 Ct Pk" class="bg-white pointer pa0 black bn mt1 mr1 pa1 br4 absolute top-0 right-0 z-2" data-automation-id="heart-item" style="width: 32px; height: 32px;" type="button"><i aria-hidden="true" class="ld ld-Heart" style="font-size: 1.5rem; vertical-align: -0.25em; padding-top: 1px; width: 1.5rem; height: 1.5rem; box-sizing: content-box;"></i></button></span><img alt="Kraft Singles American Cheese Slices Twin Pk, 32 Ct Pk" class="absolute top-0 left-0" data-testid="productTileImage" height="" id="is-0-productImage-44" loading="lazy" src="https://i5.walmartimages.com/seo/Kraft-Singles-American-Cheese-Slices-Twin-Pk-32-Ct-Pk_ae9f4825-24e1-4d2c-88bd-c78bb7e4dc17.3cebbcc5e805c6713a823ebebf8b7d74.jpeg?odnHeight=580&amp;odnWidth=580&amp;odnBg=FFFFFF" srcset="https://i5.walmartimages.com/seo/Kraft-Singles-American-Cheese-Slices-Twin-Pk-32-Ct-Pk_ae9f4825-24e1-4d2c-88bd-c78bb7e4dc17.3cebbcc5e805c6713a823ebebf8b7d74.jpeg?odnHeight=290&amp;odnWidth=290&amp;odnBg=FFFFFF 1x, https://i5.walmartimages.com/seo/Kraft-Singles-American-Cheese-Slices-Twin-Pk-32-Ct-Pk_ae9f4825-24e1-4d2c-88bd-c78bb7e4dc17.3cebbcc5e805c6713a823ebebf8b7d74.jpeg?odnHeight=580&amp;odnWidth=580&amp;odnBg=FFFFFF 2x" width=""/></div><div class="z-2 relative mt3"><div class="relative dib flex-row-reverse" data-id="1ETZAFJJR08C"><button aria-label="Add to cart - Kraft Singles American Cheese Slices Twin Pk, 32 Ct Pk" class="w_hhLG w_8nsR w_jDfj pointer bn sans-serif b ph2 flex items-center justify-center w-auto shadow-1" data-automation-id="add-to-cart" data-pcss-hide="true" type="button"><i class="ld ld-Plus" style="font-size: 1.5rem; vertical-align: -0.25em; width: 1.5rem; height: 1.5rem; box-sizing: content-box;" title="add to cart"></i><span class="mr2">Add</span></button></div></div></div><div class="mt3"></div></div><div class=""><div class="flex flex-wrap justify-start items-center lh-title mb1" data-automation-id="product-price"><div aria-hidden="true" class="mr1 mr2-xl b black lh-solid f5 f4-l"><span class="f3"></span><span class="f6 f5-l" style="vertical-align: 0.65ex; margin-right: 2px;">$</span><span class="f2">6</span><span class="f6 f5-l" style="vertical-align: 0.75ex;">77</span></div><span class="w_iUH7">current price $6.77</span><div class="gray mr1 f6 f5-l flex items-end mt1">$4.51/lb</div></div><span class="w_V_DM" style="-webkit-line-clamp: 3; padding-bottom: 0.1em; margin-bottom: -0.1em;"><span class="normal dark-gray mb0 mt1 lh-title f6 f5-l lh-copy" data-automation-id="product-title">Kraft Singles American Cheese Slices Twin Pk, 32 Ct Pk</span></span><div class="mt2"><img alt="ebt" aria-hidden="true" class="v-mid pb1 mr2" height="20" loading="lazy" src="//i5.walmartimages.com/dfw/63fd9f59-2845/2044d79e-92d5-4c08-90a2-0480444a877f/v1/EBT-Logo.svg" width="30"/><span class="gray f6-l f5-m">EBT eligible</span></div><div></div><div class="mt2" data-automation-id="fulfillment-badge"><div class="f7 flex self-baseline dark-gray"><div>Pickup <span class="b">today</span></div></div></div></div></div></div></div></div></div><div class="mb0 ph0-xl pt0-xl bb b--near-white w-25 pb3-m ph1"><div class="h-100 pr4-xl pt3" io-id="6DIISH5UYAP3" style="contain-intrinsic-size: 198px 340px;"><div class="sans-serif mid-gray relative flex flex-column w-100 hide-child-opacity" data-item-id="6DIISH5UYAP3" role="group"><a class="w-100 h-100 z-1 hide-sibling-opacity absolute" href="/ip/Great-Value-100-Parmesan-Grated-Cheese-8-oz/10315402?classType=REGULAR&amp;from=/search" link-identifier="10315402" target=""><span class="w_iUH7">Great Value Grated Parmesan Cheese, 8 oz Bottle </span></a><div class="" data-testid="list-view"><div class=""><div class=""><div class="h2 relative nowrap mb1"></div><div class="relative"><div class="relative overflow-hidden" style="max-width: 290px; height: 0px; padding-bottom: min(290px, 100%); align-self: center; width: min(290px, 100%);"><span><button aria-label="Sign in to add to Favorites list, Great Value Grated Parmesan Cheese, 8 oz Bottle" class="bg-white pointer pa0 black bn mt1 mr1 pa1 br4 absolute top-0 right-0 z-2" data-automation-id="heart-item" style="width: 32px; height: 32px;" type="button"><i aria-hidden="true" class="ld ld-Heart" style="font-size: 1.5rem; vertical-align: -0.25em; padding-top: 1px; width: 1.5rem; height: 1.5rem; box-sizing: content-box;"></i></button></span><img alt="Great Value Grated Parmesan Cheese, 8 oz Bottle" class="absolute top-0 left-0" data-testid="productTileImage" height="" id="is-0-productImage-45" loading="lazy" src="https://i5.walmartimages.com/seo/Great-Value-Grated-Parmesan-Cheese-8-oz-Bottle_65171bfc-6dcc-4299-97c5-fd728cda0505.7cd975a36f5253c9f44d22fa88f2ce20.jpeg?odnHeight=580&amp;odnWidth=580&amp;odnBg=FFFFFF" srcset="https://i5.walmartimages.com/seo/Great-Value-Grated-Parmesan-Cheese-8-oz-Bottle_65171bfc-6dcc-4299-97c5-fd728cda0505.7cd975a36f5253c9f44d22fa88f2ce20.jpeg?odnHeight=290&amp;odnWidth=290&amp;odnBg=FFFFFF 1x, https://i5.walmartimages.com/seo/Great-Value-Grated-Parmesan-Cheese-8-oz-Bottle_65171bfc-6dcc-4299-97c5-fd728cda0505.7cd975a36f5253c9f44d22fa88f2ce20.jpeg?odnHeight=580&amp;odnWidth=580&amp;odnBg=FFFFFF 2x" width=""/></div><div class="z-2 relative mt3"><div class="relative dib flex-row-reverse" data-id="6DIISH5UYAP3"><button aria-label="Add to cart - Great Value Grated Parmesan Cheese, 8 oz Bottle" class="w_hhLG w_8nsR w_jDfj pointer bn sans-serif b ph2 flex items-center justify-center w-auto shadow-1" data-automation-id="add-to-cart" data-pcss-hide="true" type="button"><i class="ld ld-Plus" style="font-size: 1.5rem; vertical-align: -0.25em; width: 1.5rem; height: 1.5rem; box-sizing: content-box;" title="add to cart"></i><span class="mr2">Add</span></button></div></div></div><div class="mt3"></div></div><div class=""><div class="flex flex-wrap justify-start items-center lh-title mb1" data-automation-id="product-price"><div aria-hidden="true" class="mr1 mr2-xl b black lh-solid f5 f4-l"><span class="f3"></span><span class="f6 f5-l" style="vertical-align: 0.65ex; margin-right: 2px;">$</span><span class="f2">2</span><span class="f6 f5-l" style="vertical-align: 0.75ex;">98</span></div><span class="w_iUH7">current price $2.98</span><div class="gray mr1 f6 f5-l flex items-end mt1">$5.96/lb</div></div><span class="w_V_DM" style="-webkit-line-clamp: 3; padding-bottom: 0.1em; margin-bottom: -0.1em;"><span class="normal dark-gray mb0 mt1 lh-title f6 f5-l lh-copy" data-automation-id="product-title">Great Value Grated Parmesan Cheese, 8 oz Bottle</span></span><div class="mt2"><img alt="ebt" aria-hidden="true" class="v-mid pb1 mr2" height="20" loading="lazy" src="//i5.walmartimages.com/dfw/63fd9f59-2845/2044d79e-92d5-4c08-90a2-0480444a877f/v1/EBT-Logo.svg" width="30"/><span class="gray f6-l f5-m">EBT eligible</span></div><div></div><div class="mt2" data-automation-id="fulfillment-badge"><div class="f7 flex self-baseline dark-gray"><div>Pickup <span class="b">today</span></div></div></div></div></div></div></div></div></div><div class="mb0 ph0-xl pt0-xl bb b--near-white w-25 pb3-m ph1"><div class="h-100 pr4-xl pt3" io-id="2HG798PRJO3T" style="contain-intrinsic-size: 198px 340px;"><div class="sans-serif mid-gray relative flex flex-column w-100 hide-child-opacity" data-item-id="2HG798PRJO3T" role="group"><a class="w-100 h-100 z-1 hide-sibling-opacity absolute" href="/ip/Great-Value-Finely-Shredded-Sharp-Cheddar-Cheese-32-oz/42004037?classType=REGULAR&amp;athbdg=L1300&amp;from=/search" link-identifier="42004037" target=""><span class="w_iUH7">Great Value Finely Shredded Sharp Cheddar Cheese, 32 oz </span></a><div class="" data-testid="list-view"><div class=""><div class=""><div class="h2 relative nowrap mb1"><span class="w_VbBP w_WKt3 w_U23Z tag-leading-badge absolute" style="background: rgb(222, 28, 36); color: rgb(255, 255, 255); border-radius: 4px; font-weight: 700;">Rollback</span></div><div class="relative"><div class="relative overflow-hidden" style="max-width: 290px; height: 0px; padding-bottom: min(290px, 100%); align-self: center; width: min(290px, 100%);"><span><button aria-label="Sign in to add to Favorites list, Great Value Finely Shredded Sharp Cheddar Cheese, 32 oz" class="bg-white pointer pa0 black bn mt1 mr1 pa1 br4 absolute top-0 right-0 z-2" data-automation-id="heart-item" style="width: 32px; height: 32px;" type="button"><i aria-hidden="true" class="ld ld-Heart" style="font-size: 1.5rem; vertical-align: -0.25em; padding-top: 1px; width: 1.5rem; height: 1.5rem; box-sizing: content-box;"></i></button></span><img alt="Great Value Finely Shredded Sharp Cheddar Cheese, 32 oz" class="absolute top-0 left-0" data-testid="productTileImage" height="" id="is-0-productImage-46" loading="lazy" src="https://i5.walmartimages.com/seo/Great-Value-Finely-Shredded-Sharp-Cheddar-Cheese-32-oz_bde6c52c-322c-4013-9762-16f67ee82375.e6652468758dc0adba646c9a96e5c06a.jpeg?odnHeight=580&amp;odnWidth=580&amp;odnBg=FFFFFF" srcset="https://i5.walmartimages.com/seo/Great-Value-Finely-Shredded-Sharp-Cheddar-Cheese-32-oz_bde6c52c-322c-4013-9762-16f67ee82375.e6652468758dc0adba646c9a96e5c06a.jpeg?odnHeight=290&amp;odnWidth=290&amp;odnBg=FFFFFF 1x, https://i5.walmartimages.com/seo/Great-Value-Finely-Shredded-Sharp-Cheddar-Cheese-32-oz_bde6c52c-322c-4013-9762-16f67ee82375.e6652468758dc0adba646c9a96e5c06a.jpeg?odnHeight=580&amp;odnWidth=580&amp;odnBg=FFFFFF 2x" width=""/></div><div class="z-2 relative mt3"><div class="relative dib flex-row-reverse" data-id="2HG798PRJO3T"><button aria-label="Add to cart - Great Value Finely Shredded Sharp Cheddar Cheese, 32 oz" class="w_hhLG w_8nsR w_jDfj pointer bn sans-serif b ph2 flex items-center justify-center w-auto shadow-1" data-automation-id="add-to-cart" data-pcss-hide="true" type="button"><i class="ld ld-Plus" style="font-size: 1.5rem; vertical-align: -0.25em; width: 1.5rem; height: 1.5rem; box-sizing: content-box;" title="add to cart"></i><span class="mr2">Add</span></button></div></div></div><div class="mt3"></div></div><div class=""><div class="flex flex-wrap justify-start items-center lh-title mb1" data-automation-id="product-price"><div aria-hidden="true" class="mr1 mr2-xl b black green lh-solid f5 f4-l"><span class="f3 mr1">Now</span><span class="f6 f5-l" style="vertical-align: 0.65ex; margin-right: 2px;">$</span><span class="f2">7</span><span class="f6 f5-l" style="vertical-align: 0.75ex;">38</span></div><span class="w_iUH7">current price Now $7.38</span><div aria-hidden="true" class="gray mr1 strike f6 f4-l flex items-end mt1">$8.24</div><span class="w_iUH7">Was $8.24</span><div class="gray mr1 f6 f5-l flex items-end mt1">$3.69/lb</div></div><span class="w_V_DM" style="-webkit-line-clamp: 3; padding-bottom: 0.1em; margin-bottom: -0.1em;"><span class="normal dark-gray mb0 mt1 lh-title f6 f5-l lh-copy" data-automation-id="product-title">Great Value Finely Shredded Sharp Cheddar Cheese, 32 oz</span></span><div class="mt2"><img alt="ebt" aria-hidden="true" class="v-mid pb1 mr2" height="20" loading="lazy" src="//i5.walmartimages.com/dfw/63fd9f59-2845/2044d79e-92d5-4c08-90a2-0480444a877f/v1/EBT-Logo.svg" width="30"/><span class="gray f6-l f5-m">EBT eligible</span></div><div></div><div class="mt2" data-automation-id="fulfillment-badge"><div class="f7 flex self-baseline dark-gray"><div>Pickup <span class="b">today</span></div></div></div></div></div></div></div></div></div><div class="mb0 ph0-xl pt0-xl bb b--near-white w-25 pb3-m ph1"><div class="h-100 pr4-xl pt3" io-id="6FTGNBQYUDPI" style="contain-intrinsic-size: 198px 340px;"><div class="sans-serif mid-gray relative flex flex-column w-100 hide-child-opacity" data-item-id="6FTGNBQYUDPI" role="group"><a class="w-100 h-100 z-1 hide-sibling-opacity absolute" href="/ip/Great-Value-Finely-Shredded-Low-Moisture-Part-Skim-Mozzarella-Cheese-16-oz-Bag/10452490?classType=REGULAR&amp;athbdg=L1300&amp;from=/search" link-identifier="10452490" target=""><span class="w_iUH7">Great Value Finely Shredded Low-Moisture Part-Skim Mozzarella Cheese, 16 oz Bag </span></a><div class="" data-testid="list-view"><div class=""><div class=""><div class="h2 relative nowrap mb1"><span class="w_VbBP w_WKt3 w_U23Z tag-leading-badge absolute" style="background: rgb(222, 28, 36); color: rgb(255, 255, 255); border-radius: 4px; font-weight: 700;">Rollback</span></div><div class="relative"><div class="relative overflow-hidden" style="max-width: 290px; height: 0px; padding-bottom: min(290px, 100%); align-self: center; width: min(290px, 100%);"><span><button aria-label="Sign in to add to Favorites list, Great Value Finely Shredded Low-Moisture Part-Skim Mozzarella Cheese, 16 oz Bag" class="bg-white pointer pa0 black bn mt1 mr1 pa1 br4 absolute top-0 right-0 z-2" data-automation-id="heart-item" style="width: 32px; height: 32px;" type="button"><i aria-hidden="true" class="ld ld-Heart" style="font-size: 1.5rem; vertical-align: -0.25em; padding-top: 1px; width: 1.5rem; height: 1.5rem; box-sizing: content-box;"></i></button></span><img alt="Great Value Finely Shredded Low-Moisture Part-Skim Mozzarella Cheese, 16 oz Bag" class="absolute top-0 left-0" data-testid="productTileImage" height="" id="is-0-productImage-47" loading="lazy" src="https://i5.walmartimages.com/seo/Great-Value-Finely-Shredded-Low-Moisture-Part-Skim-Mozzarella-Cheese-16-oz-Bag_8516ed44-3dee-45e0-bc2a-4d8a414d5f10.95b6ebba2aac3dfd90d6fadac41f268b.jpeg?odnHeight=580&amp;odnWidth=580&amp;odnBg=FFFFFF" srcset="https://i5.walmartimages.com/seo/Great-Value-Finely-Shredded-Low-Moisture-Part-Skim-Mozzarella-Cheese-16-oz-Bag_8516ed44-3dee-45e0-bc2a-4d8a414d5f10.95b6ebba2aac3dfd90d6fadac41f268b.jpeg?odnHeight=290&amp;odnWidth=290&amp;odnBg=FFFFFF 1x, https://i5.walmartimages.com/seo/Great-Value-Finely-Shredded-Low-Moisture-Part-Skim-Mozzarella-Cheese-16-oz-Bag_8516ed44-3dee-45e0-bc2a-4d8a414d5f10.95b6ebba2aac3dfd90d6fadac41f268b.jpeg?odnHeight=580&amp;odnWidth=580&amp;odnBg=FFFFFF 2x" width=""/></div><div class="z-2 relative mt3"><div class="relative dib flex-row-reverse" data-id="6FTGNBQYUDPI"><button aria-label="Add to cart - Great Value Finely Shredded Low-Moisture Part-Skim Mozzarella Cheese, 16 oz Bag" class="w_hhLG w_8nsR w_jDfj pointer bn sans-serif b ph2 flex items-center justify-center w-auto shadow-1" data-automation-id="add-to-cart" data-pcss-hide="true" type="button"><i class="ld ld-Plus" style="font-size: 1.5rem; vertical-align: -0.25em; width: 1.5rem; height: 1.5rem; box-sizing: content-box;" title="add to cart"></i><span class="mr2">Add</span></button></div></div></div><div class="mt3"></div></div><div class=""><div class="flex flex-wrap justify-start items-center lh-title mb1" data-automation-id="product-price"><div aria-hidden="true" class="mr1 mr2-xl b black green lh-solid f5 f4-l"><span class="f3 mr1">Now</span><span class="f6 f5-l" style="vertical-align: 0.65ex; margin-right: 2px;">$</span><span class="f2">3</span><span class="f6 f5-l" style="vertical-align: 0.75ex;">78</span></div><span class="w_iUH7">current price Now $3.78</span><div aria-hidden="true" class="gray mr1 strike f6 f4-l flex items-end mt1">$4.22</div><span class="w_iUH7">Was $4.22</span><div class="gray mr1 f6 f5-l flex items-end mt1">$3.78/lb</div></div><span class="w_V_DM" style="-webkit-line-clamp: 3; padding-bottom: 0.1em; margin-bottom: -0.1em;"><span class="normal dark-gray mb0 mt1 lh-title f6 f5-l lh-copy" data-automation-id="product-title">Great Value Finely Shredded Low-Moisture Part-Skim Mozzarella Cheese, 16 oz Bag</span></span><div class="mt2"><img alt="ebt" aria-hidden="true" class="v-mid pb1 mr2" height="20" loading="lazy" src="//i5.walmartimages.com/dfw/63fd9f59-2845/2044d79e-92d5-4c08-90a2-0480444a877f/v1/EBT-Logo.svg" width="30"/><span class="gray f6-l f5-m">EBT eligible</span></div><div></div><div class="mt2" data-automation-id="fulfillment-badge"><div class="f7 flex self-baseline dark-gray"><div>Pickup <span class="b">today</span></div></div></div></div></div></div></div></div></div><div class="mb0 ph0-xl pt0-xl w-25 pb3-m ph1"><div class="h-100 pr4-xl pt3" io-id="4JTOI6QC39T3" style="contain-intrinsic-size: 198px 340px;"><div class="sans-serif mid-gray relative flex flex-column w-100 hide-child-opacity" data-item-id="4JTOI6QC39T3" role="group"><a class="w-100 h-100 z-1 hide-sibling-opacity absolute" href="/ip/Great-Value-Deli-Style-Sliced-Muenster-Cheese-12-Slices/153135050?classType=REGULAR&amp;from=/search" link-identifier="153135050" target=""><span class="w_iUH7">Great Value Deli Style Sliced Muenster Cheese, 12 Slices </span></a><div class="" data-testid="list-view"><div class=""><div class=""><div class="h2 relative nowrap mb1"></div><div class="relative"><div class="relative overflow-hidden" style="max-width: 290px; height: 0px; padding-bottom: min(290px, 100%); align-self: center; width: min(290px, 100%);"><span><button aria-label="Sign in to add to Favorites list, Great Value Deli Style Sliced Muenster Cheese, 12 Slices" class="bg-white pointer pa0 black bn mt1 mr1 pa1 br4 absolute top-0 right-0 z-2" data-automation-id="heart-item" style="width: 32px; height: 32px;" type="button"><i aria-hidden="true" class="ld ld-Heart" style="font-size: 1.5rem; vertical-align: -0.25em; padding-top: 1px; width: 1.5rem; height: 1.5rem; box-sizing: content-box;"></i></button></span><img alt="Great Value Deli Style Sliced Muenster Cheese, 12 Slices" class="absolute top-0 left-0" data-testid="productTileImage" height="" id="is-0-productImage-48" loading="lazy" src="https://i5.walmartimages.com/seo/Great-Value-Deli-Style-Sliced-Muenster-Cheese-12-Slices_ccc9d995-1923-430a-b141-d745a46fbbcd.56b152d1a46902b2f1468d4c09696903.jpeg?odnHeight=580&amp;odnWidth=580&amp;odnBg=FFFFFF" srcset="https://i5.walmartimages.com/seo/Great-Value-Deli-Style-Sliced-Muenster-Cheese-12-Slices_ccc9d995-1923-430a-b141-d745a46fbbcd.56b152d1a46902b2f1468d4c09696903.jpeg?odnHeight=290&amp;odnWidth=290&amp;odnBg=FFFFFF 1x, https://i5.walmartimages.com/seo/Great-Value-Deli-Style-Sliced-Muenster-Cheese-12-Slices_ccc9d995-1923-430a-b141-d745a46fbbcd.56b152d1a46902b2f1468d4c09696903.jpeg?odnHeight=580&amp;odnWidth=580&amp;odnBg=FFFFFF 2x" width=""/></div><div class="z-2 relative mt3"><div class="relative dib flex-row-reverse" data-id="4JTOI6QC39T3"><button aria-label="Add to cart - Great Value Deli Style Sliced Muenster Cheese, 12 Slices" class="w_hhLG w_8nsR w_jDfj pointer bn sans-serif b ph2 flex items-center justify-center w-auto shadow-1" data-automation-id="add-to-cart" data-pcss-hide="true" type="button"><i class="ld ld-Plus" style="font-size: 1.5rem; vertical-align: -0.25em; width: 1.5rem; height: 1.5rem; box-sizing: content-box;" title="add to cart"></i><span class="mr2">Add</span></button></div></div></div><div class="mt3"></div></div><div class=""><div class="flex flex-wrap justify-start items-center lh-title mb1" data-automation-id="product-price"><div aria-hidden="true" class="mr1 mr2-xl b black lh-solid f5 f4-l"><span class="f3"></span><span class="f6 f5-l" style="vertical-align: 0.65ex; margin-right: 2px;">$</span><span class="f2">2</span><span class="f6 f5-l" style="vertical-align: 0.75ex;">24</span></div><span class="w_iUH7">current price $2.24</span><div class="gray mr1 f6 f5-l flex items-end mt1">$4.48/lb</div></div><span class="w_V_DM" style="-webkit-line-clamp: 3; padding-bottom: 0.1em; margin-bottom: -0.1em;"><span class="normal dark-gray mb0 mt1 lh-title f6 f5-l lh-copy" data-automation-id="product-title">Great Value Deli Style Sliced Muenster Cheese, 12 Slices</span></span><div class="mt2"><img alt="ebt" aria-hidden="true" class="v-mid pb1 mr2" height="20" loading="lazy" src="//i5.walmartimages.com/dfw/63fd9f59-2845/2044d79e-92d5-4c08-90a2-0480444a877f/v1/EBT-Logo.svg" width="30"/><span class="gray f6-l f5-m">EBT eligible</span></div><div></div><div class="mt2" data-automation-id="fulfillment-badge"><div class="f7 flex self-baseline dark-gray"><div>Pickup <span class="b">today</span></div></div></div></div></div></div></div></div></div><div class="mb0 ph0-xl pt0-xl w-25 pb3-m ph1"><div class="h-100 pr4-xl pt3" io-id="205NCON8IDM6" style="contain-intrinsic-size: 198px 340px;"><div class="sans-serif mid-gray relative flex flex-column w-100 hide-child-opacity" data-item-id="205NCON8IDM6" role="group"><a class="w-100 h-100 z-1 hide-sibling-opacity absolute" href="/ip/Great-Value-Singles-Pasteurized-Prepared-Sliced-White-American-Cheese-16-oz-24-Count/10452393?classType=REGULAR&amp;from=/search" link-identifier="10452393" target=""><span class="w_iUH7">Great Value Singles Pasteurized Prepared Sliced White American Cheese, 16 oz, 24 Count </span></a><div class="" data-testid="list-view"><div class=""><div class=""><div class="relative"><div class="relative overflow-hidden" style="max-width: 290px; height: 0px; padding-bottom: min(290px, 100%); align-self: center; width: min(290px, 100%);"><span><button aria-label="Sign in to add to Favorites list, Great Value Singles Pasteurized Prepared Sliced White American Cheese, 16 oz, 24 Count" class="bg-white pointer pa0 black bn mt1 mr1 pa1 br4 absolute top-0 right-0 z-2" data-automation-id="heart-item" style="width: 32px; height: 32px;" type="button"><i aria-hidden="true" class="ld ld-Heart" style="font-size: 1.5rem; vertical-align: -0.25em; padding-top: 1px; width: 1.5rem; height: 1.5rem; box-sizing: content-box;"></i></button></span><img alt="Great Value Singles Pasteurized Prepared Sliced White American Cheese, 16 oz, 24 Count" class="absolute top-0 left-0" data-testid="productTileImage" height="" id="is-0-productImage-49" loading="lazy" src="https://i5.walmartimages.com/seo/Great-Value-Singles-Pasteurized-Prepared-Sliced-White-American-Cheese-16-oz-24-Count_ecfbc23d-4e74-4ed6-a823-2d86a8b9bf9d.f5d42170f0c99caab6d67a539e9adef7.jpeg?odnHeight=580&amp;odnWidth=580&amp;odnBg=FFFFFF" srcset="https://i5.walmartimages.com/seo/Great-Value-Singles-Pasteurized-Prepared-Sliced-White-American-Cheese-16-oz-24-Count_ecfbc23d-4e74-4ed6-a823-2d86a8b9bf9d.f5d42170f0c99caab6d67a539e9adef7.jpeg?odnHeight=290&amp;odnWidth=290&amp;odnBg=FFFFFF 1x, https://i5.walmartimages.com/seo/Great-Value-Singles-Pasteurized-Prepared-Sliced-White-American-Cheese-16-oz-24-Count_ecfbc23d-4e74-4ed6-a823-2d86a8b9bf9d.f5d42170f0c99caab6d67a539e9adef7.jpeg?odnHeight=580&amp;odnWidth=580&amp;odnBg=FFFFFF 2x" width=""/></div><div class="z-2 relative mt3"><div class="relative dib flex-row-reverse" data-id="205NCON8IDM6"><button aria-label="Add to cart - Great Value Singles Pasteurized Prepared Sliced White American Cheese, 16 oz, 24 Count" class="w_hhLG w_8nsR w_jDfj pointer bn sans-serif b ph2 flex items-center justify-center w-auto shadow-1" data-automation-id="add-to-cart" data-pcss-hide="true" type="button"><i class="ld ld-Plus" style="font-size: 1.5rem; vertical-align: -0.25em; width: 1.5rem; height: 1.5rem; box-sizing: content-box;" title="add to cart"></i><span class="mr2">Add</span></button></div></div></div><div class="mt3"></div></div><div class=""><div class="flex flex-wrap justify-start items-center lh-title mb1" data-automation-id="product-price"><div aria-hidden="true" class="mr1 mr2-xl b black lh-solid f5 f4-l"><span class="f3"></span><span class="f6 f5-l" style="vertical-align: 0.65ex; margin-right: 2px;">$</span><span class="f2">2</span><span class="f6 f5-l" style="vertical-align: 0.75ex;">38</span></div><span class="w_iUH7">current price $2.38</span><div class="gray mr1 f6 f5-l flex items-end mt1">$2.38/lb</div></div><span class="w_V_DM" style="-webkit-line-clamp: 3; padding-bottom: 0.1em; margin-bottom: -0.1em;"><span class="normal dark-gray mb0 mt1 lh-title f6 f5-l lh-copy" data-automation-id="product-title">Great Value Singles Pasteurized Prepared Sliced White American Cheese, 16 oz, 24 Count</span></span><div class="mt2"><img alt="ebt" aria-hidden="true" class="v-mid pb1 mr2" height="20" loading="lazy" src="//i5.walmartimages.com/dfw/63fd9f59-2845/2044d79e-92d5-4c08-90a2-0480444a877f/v1/EBT-Logo.svg" width="30"/><span class="gray f6-l f5-m">EBT eligible</span></div><div></div><div class="mt2" data-automation-id="fulfillment-badge"><div class="f7 flex self-baseline dark-gray"><div>Pickup <span class="b">today</span></div></div></div></div></div></div></div></div></div><div class="mb0 ph0-xl pt0-xl w-25 pb1-xl pb3-m ph1"><div class="h-100 pr4-xl pt3" io-id="43T9AHM85N00" style="contain-intrinsic-size: 198px 340px;"><div class="sans-serif mid-gray relative flex flex-column w-100 hide-child-opacity" data-item-id="43T9AHM85N00" role="group"><a class="w-100 h-100 z-1 hide-sibling-opacity absolute" href="/ip/Montchevre-Honey-Fresh-Goat-Cheese-Log-4-oz/3105795505?classType=REGULAR&amp;from=/search" link-identifier="3105795505" target=""><span class="w_iUH7">Montchevre Honey Fresh Goat Cheese Log, 4 oz </span></a><div class="" data-testid="list-view"><div class=""><div class=""><div class="relative"><div class="relative overflow-hidden" style="max-width: 290px; height: 0px; padding-bottom: min(290px, 100%); align-self: center; width: min(290px, 100%);"><span><button aria-label="Sign in to add to Favorites list, Montchevre Honey Fresh Goat Cheese Log, 4 oz" class="bg-white pointer pa0 black bn mt1 mr1 pa1 br4 absolute top-0 right-0 z-2" data-automation-id="heart-item" style="width: 32px; height: 32px;" type="button"><i aria-hidden="true" class="ld ld-Heart" style="font-size: 1.5rem; vertical-align: -0.25em; padding-top: 1px; width: 1.5rem; height: 1.5rem; box-sizing: content-box;"></i></button></span><img alt="Montchevre Honey Fresh Goat Cheese Log, 4 oz" class="absolute top-0 left-0" data-testid="productTileImage" height="" id="is-0-productImage-50" loading="lazy" src="https://i5.walmartimages.com/seo/Montchevre-Honey-Fresh-Goat-Cheese-Log-4-oz_51ee90a5-4cd5-4bcc-9c52-1df451d24c36.f16846b615e08666b3a804110e783cf9.png?odnHeight=580&amp;odnWidth=580&amp;odnBg=FFFFFF" srcset="https://i5.walmartimages.com/seo/Montchevre-Honey-Fresh-Goat-Cheese-Log-4-oz_51ee90a5-4cd5-4bcc-9c52-1df451d24c36.f16846b615e08666b3a804110e783cf9.png?odnHeight=290&amp;odnWidth=290&amp;odnBg=FFFFFF 1x, https://i5.walmartimages.com/seo/Montchevre-Honey-Fresh-Goat-Cheese-Log-4-oz_51ee90a5-4cd5-4bcc-9c52-1df451d24c36.f16846b615e08666b3a804110e783cf9.png?odnHeight=580&amp;odnWidth=580&amp;odnBg=FFFFFF 2x" width=""/></div></div></div><div class=""><div class="flex flex-wrap justify-start items-center lh-title mb1" data-automation-id="product-price"><div aria-hidden="true" class="mr1 mr2-xl normal gray lh-solid f5 f4-l"><span class="f3"></span><span class="f6 f5-l" style="vertical-align: 0.65ex; margin-right: 2px;">$</span><span class="f2">3</span><span class="f6 f5-l" style="vertical-align: 0.75ex;">36</span></div><span class="w_iUH7">current price $3.36</span><div class="gray mr1 f6 f5-l flex items-end mt1">$13.44/lb</div></div><span class="w_V_DM" style="-webkit-line-clamp: 3; padding-bottom: 0.1em; margin-bottom: -0.1em;"><span class="normal dark-gray mb0 mt1 lh-title f6 f5-l lh-copy" data-automation-id="product-title">Montchevre Honey Fresh Goat Cheese Log, 4 oz</span></span><div class="mt2"><img alt="ebt" aria-hidden="true" class="v-mid pb1 mr2" height="20" loading="lazy" src="//i5.walmartimages.com/dfw/63fd9f59-2845/2044d79e-92d5-4c08-90a2-0480444a877f/v1/EBT-Logo.svg" width="30"/><span class="gray f6-l f5-m">EBT eligible</span></div><div></div><div class="sans-serif gray f7 f6-l pb2 mt3" data-automation-id="inventory-status">Out of stock</div></div></div></div></div><div class="pt2-l"><button aria-expanded="false" aria-label="Shop similar - Montchevre Honey Fresh Goat Cheese Log, 4 oz" class="pa0 self-start db b--none bg-white f6 sans-serif underline" data-testid="substitutions" type="button">Shop similar</button></div></div><div class="bb b--near-white w-100 absolute mt3" style="left: 1.5rem;"></div></div></div></section></div><section><div class="ph4"><h2 class="pointer f2">Related searches</h2><div class="flex flex-column justify-center relative" data-testid="horizontal-scroller-Related searches"><a aria-disabled="true" aria-label="Previous slide for Related searches list" class="absolute dn z-5 bg-white br-100 pa0 pointer hidden-child br-100 nav-control left-1" data-testid="horizontal-scroller-previous" link-identifier="horizontalScrollerPrevious" role="button" tabindex="0"><i class="ld ld-ChevronLeft" style="font-size: 1.5rem; vertical-align: -0.25em; padding: 12px; width: 1.5rem; height: 1.5rem; box-sizing: content-box;"></i></a><ul class="list ma0 pl0 overflow-x-scroll hidesb hidesb-wk relative overflow-y-hidden" data-testid="carousel-container" style="display: grid; grid-auto-flow: column; scroll-snap-type: x mandatory; max-height: fit-content;"><li class="flex flex-column items-center" data-slide="0" style="scroll-snap-align: start;"></li><li class="flex flex-column items-center" data-slide="1"><button aria-pressed="false" class="w_Z4xM w_3hhZ pointer mr3 mb3" type="button"><span class="w_rIQ5"><img alt="Related searches" class="mw-none" height="16" loading="lazy" src="https://i5.walmartimages.com/dfw/4ff9c6c9-492b/k2-_d364fa80-6c6b-4a89-88ea-beaaf53a606e.v1.png?odnHeight=16&amp;odnWidth=16&amp;odnBg=FFFFFF" width="16"/></span><span class="">cheese slices</span></button></li><li class="flex flex-column items-center" data-slide="2"><button aria-pressed="false" class="w_Z4xM w_3hhZ pointer mr3 mb3" type="button"><span class="w_rIQ5"><img alt="Related searches" class="mw-none" height="16" loading="lazy" src="https://i5.walmartimages.com/dfw/4ff9c6c9-492b/k2-_d364fa80-6c6b-4a89-88ea-beaaf53a606e.v1.png?odnHeight=16&amp;odnWidth=16&amp;odnBg=FFFFFF" width="16"/></span><span class="">bread</span></button></li><li class="flex flex-column items-center" data-slide="3"><button aria-pressed="false" class="w_Z4xM w_3hhZ pointer mr3 mb3" type="button"><span class="w_rIQ5"><img alt="Related searches" class="mw-none" height="16" loading="lazy" src="https://i5.walmartimages.com/dfw/4ff9c6c9-492b/k2-_d364fa80-6c6b-4a89-88ea-beaaf53a606e.v1.png?odnHeight=16&amp;odnWidth=16&amp;odnBg=FFFFFF" width="16"/></span><span class="">cheese block</span></button></li><li class="flex flex-column items-center" data-slide="4"><button aria-pressed="false" class="w_Z4xM w_3hhZ pointer mr3 mb3" type="button"><span class="w_rIQ5"><img alt="Related searches" class="mw-none" height="16" loading="lazy" src="https://i5.walmartimages.com/dfw/4ff9c6c9-492b/k2-_d364fa80-6c6b-4a89-88ea-beaaf53a606e.v1.png?odnHeight=16&amp;odnWidth=16&amp;odnBg=FFFFFF" width="16"/></span><span class="">eggs</span></button></li><li class="flex flex-column items-center" data-slide="5"><button aria-pressed="false" class="w_Z4xM w_3hhZ pointer mr3 mb3" type="button"><span class="w_rIQ5"><img alt="Related searches" class="mw-none" height="16" loading="lazy" src="https://i5.walmartimages.com/dfw/4ff9c6c9-492b/k2-_d364fa80-6c6b-4a89-88ea-beaaf53a606e.v1.png?odnHeight=16&amp;odnWidth=16&amp;odnBg=FFFFFF" width="16"/></span><span class="">lettuce</span></button></li><li class="flex flex-column items-center" data-slide="6"><button aria-pressed="false" class="w_Z4xM w_3hhZ pointer mr3 mb3" type="button"><span class="w_rIQ5"><img alt="Related searches" class="mw-none" height="16" loading="lazy" src="https://i5.walmartimages.com/dfw/4ff9c6c9-492b/k2-_d364fa80-6c6b-4a89-88ea-beaaf53a606e.v1.png?odnHeight=16&amp;odnWidth=16&amp;odnBg=FFFFFF" width="16"/></span><span class="">sour cream</span></button></li><li class="flex flex-column items-center" data-slide="7"><button aria-pressed="false" class="w_Z4xM w_3hhZ pointer mr3 mb3" type="button"><span class="w_rIQ5"><img alt="Related searches" class="mw-none" height="16" loading="lazy" src="https://i5.walmartimages.com/dfw/4ff9c6c9-492b/k2-_d364fa80-6c6b-4a89-88ea-beaaf53a606e.v1.png?odnHeight=16&amp;odnWidth=16&amp;odnBg=FFFFFF" width="16"/></span><span class="">chips</span></button></li><li class="flex flex-column items-center" data-slide="8"><button aria-pressed="false" class="w_Z4xM w_3hhZ pointer mr3 mb3" type="button"><span class="w_rIQ5"><img alt="Related searches" class="mw-none" height="16" loading="lazy" src="https://i5.walmartimages.com/dfw/4ff9c6c9-492b/k2-_d364fa80-6c6b-4a89-88ea-beaaf53a606e.v1.png?odnHeight=16&amp;odnWidth=16&amp;odnBg=FFFFFF" width="16"/></span><span class="">milk</span></button></li><li class="flex flex-column items-center" data-slide="9"><button aria-pressed="false" class="w_Z4xM w_3hhZ pointer mr3 mb3" type="button"><span class="w_rIQ5"><img alt="Related searches" class="mw-none" height="16" loading="lazy" src="https://i5.walmartimages.com/dfw/4ff9c6c9-492b/k2-_d364fa80-6c6b-4a89-88ea-beaaf53a606e.v1.png?odnHeight=16&amp;odnWidth=16&amp;odnBg=FFFFFF" width="16"/></span><span class="">shredded cheese</span></button></li><li class="flex flex-column items-center" data-slide="10" style="scroll-snap-align: start;"><button aria-pressed="false" class="w_Z4xM w_3hhZ pointer mr3 mb3" type="button"><span class="w_rIQ5"><img alt="Related searches" class="mw-none" height="16" loading="lazy" src="https://i5.walmartimages.com/dfw/4ff9c6c9-492b/k2-_d364fa80-6c6b-4a89-88ea-beaaf53a606e.v1.png?odnHeight=16&amp;odnWidth=16&amp;odnBg=FFFFFF" width="16"/></span><span class="">tomatoes</span></button></li></ul><a aria-disabled="false" aria-label="Next slide for Related searches list" class="absolute dn z-5 bg-white br-100 pa0 pointer db-l br-100 nav-control right-1" data-testid="horizontal-scroller-next" link-identifier="horizontalScrollerNext" role="button" tabindex="0"><i class="ld ld-ChevronRight" style="font-size: 1.5rem; vertical-align: -0.25em; padding: 12px; width: 1.5rem; height: 1.5rem; box-sizing: content-box;"></i></a></div></div></section></div></div><div style="min-height: 48px;"><nav aria-label="pagination" class="bg-white pt5 pb5"><ul class="list flex items-center justify-center pa0"><li aria-hidden="true"><div class="w4 h4"></div></li><li><a aria-current="page" class="sans-serif ph1 pv2 w4 h4 lh-copy border-box br-100 b--solid mh2-m db tc no-underline black bg-white b b--primary" data-automation-id="page-number" href="#" link-identifier="Generic Name" role="button">1</a></li><li><a aria-label="Go to Page 2" class="sans-serif ph1 pv2 w4 h4 lh-copy border-box br-100 b--solid mh2-m db tc no-underline black bg-white b--white-90" data-automation-id="page-number" href="#" link-identifier="Generic Name" role="button">2</a></li><li><a aria-label="Go to Page 3" class="sans-serif ph1 pv2 w4 h4 lh-copy border-box br-100 b--solid mh2-m db tc no-underline black bg-white b--white-90" data-automation-id="page-number" href="#" link-identifier="Generic Name" role="button">3</a></li><li><div class="sans-serif pa1 lh-copy border-box bg-white">...</div></li><li><div class="sans-serif ph1 pv2 w4 h4 lh-copy border-box br-100 b--solid mh2-m db tc no-underline gray bg-white b--white-90">25</div></li><li><a aria-label="Next Page" class="sans-serif ph1 pv2 w4 h4 border-box bg-white br-100 b--solid ba mh2-m db tc no-underline b--light-gray" data-testid="NextPage" href="#" link-identifier="Generic Name" role="button"><i class="ld ld-ChevronRight pv1 primary" style="font-size: 1.5rem; vertical-align: -0.25em; width: 1.5rem; height: 1.5rem; box-sizing: content-box;"></i></a></li></ul></nav></div><div class="w_3jM4 pa0" id="SEARCH-MarqueeDisplayAd-marquee2-cheese-"></div> <div class="pt3"><div class="w_3jM4 pa0" id="SEARCH-SPCarousel-bottom-cheese-"></div></div> </div></div></div></div></main></div><div id="third-party-cookie-detection" style="display:none"></div></div><span><footer class="db pt5-hdkp lh-copy relative z-0"><section class="flex flex-column flex-row-hdkp justify-center bg-washed-primary"><section class=""><div class="pb4 pt3 pa0-hdkp footer-wrapper ph3 tc" style="padding-top:2rem;padding-bottom:2rem"><p class="f5 mt0">We’d love to hear what you think!</p><button class="w_hhLG w_XK4d w_jDfj" type="button">Give feedback</button></div></section></section><div class="bw2 bt-0 bl-0 br-0 b--solid b--near-white b--none-hdkp"></div><section><ul class="list ma0 mt3 ph3 pt1 ma0-hdkp ph4-hdkp pb4-hdkp pt3-hdkp flex-hdkp flex-wrap-hdkp justify-center-hdkp footer-list" data-testid="responsive-footer-list"><li><a class="f6 no-underline mb3 ma0-hdkp footer-link mr4-hdkp db" href="/all-departments" link-identifier="All Departments">All Departments</a></li><li><a aria-label="Store Directory - opens in a new window" class="f6 no-underline mb3 ma0-hdkp footer-link mr4-hdkp db" href="/store/directory" link-identifier="Store Directory" rel="noopener noreferrer" target="_blank">Store Directory</a></li><li><a aria-label="Careers - opens in a new window" class="f6 no-underline mb3 ma0-hdkp footer-link mr4-hdkp db" href="https://careers.walmart.com/" link-identifier="Careers" rel="noopener noreferrer" target="_blank">Careers</a></li><li><a aria-label="Our Company - opens in a new window" class="f6 no-underline mb3 ma0-hdkp footer-link mr4-hdkp db" href="https://corporate.walmart.com/" link-identifier="Our Company" rel="noopener noreferrer" target="_blank">Our Company</a></li><li><a aria-label="Sell on Walmart.com - opens in a new window" class="f6 no-underline mb3 ma0-hdkp footer-link mr4-hdkp db" href="https://marketplace.walmart.com/?utm_source=Walmart.com&amp;utm_medium=link&amp;utm_campaign=footer" link-identifier="Sell on Walmart.com" rel="noopener noreferrer" target="_blank">Sell on Walmart.com</a></li><li><a class="f6 no-underline mb3 ma0-hdkp footer-link mr4-hdkp db" href="/help" link-identifier="Help">Help</a></li><li><a aria-label="Product Recalls - opens in a new window" class="f6 no-underline mb3 ma0-hdkp footer-link mr4-hdkp db" href="https://corporate.walmart.com/recalls" link-identifier="Product Recalls" rel="noopener noreferrer" target="_blank">Product Recalls</a></li><li><a aria-label="Accessibility - opens in a new window" class="f6 no-underline mb3 ma0-hdkp footer-link mr4-hdkp db" href="https://www.walmart.com/help/article/responsible-disclosure-and-accessibility-policies/0f173dab8bd942da84b1cd7ab5ffc3cb" link-identifier="Accessibility" rel="noopener noreferrer" target="_blank">Accessibility</a></li><li><a class="f6 no-underline mb3 ma0-hdkp footer-link mr4-hdkp db" href="https://www.walmart.com/cp/tax-exemption-program/8480422" link-identifier="Tax Exempt Program">Tax Exempt Program</a></li><li><a class="f6 no-underline mb3 ma0-hdkp footer-link mr4-hdkp db" href="https://walmart.onelink.me/UIev?pid=walmart.com&amp;af_web_dp=https%3A%2F%2Fwww.walmart.com%2Fcp%2Fwalmart-mobile-app%2F1087865&amp;c=Walmart.com%20Site%20Footer&amp;af_dp=walmart%3A%2F%2F" link-identifier="Get the Walmart App">Get the Walmart App</a></li><li><a class="f6 no-underline mb3 ma0-hdkp footer-link mr4-hdkp db" href="https://www.walmart.com/cp/email-opt-in/8196352?gbo=1" link-identifier="Sign-up for Email">Sign-up for Email</a></li><li><a class="f6 no-underline mb3 ma0-hdkp footer-link mr4-hdkp db" href="http://msds.walmartstores.com/" link-identifier="Safety Data Sheet">Safety Data Sheet</a></li><li><a class="f6 no-underline mb3 ma0-hdkp footer-link mr4-hdkp db" href="/help/article/walmart-com-terms-of-use/3b75080af40340d6bbd596f116fae5a0" link-identifier="Terms of Use">Terms of Use</a></li><li><a aria-label="Privacy &amp; Security - opens in a new window" class="f6 no-underline mb3 ma0-hdkp footer-link mr4-hdkp db" href="https://corporate.walmart.com/privacy-security" link-identifier="Privacy &amp; Security" rel="noopener noreferrer" target="_blank">Privacy &amp; Security</a></li><li><a aria-label="California Supply Chain Act - opens in a new window" class="f6 no-underline mb3 ma0-hdkp footer-link mr4-hdkp db" href="https://corporate.walmart.com/california-transparency" link-identifier="California Supply Chain Act" rel="noopener noreferrer" target="_blank">California Supply Chain Act</a></li><li><a aria-label="Your Privacy Choices - opens in a new window" class="f6 no-underline mb3 ma0-hdkp footer-link mr4-hdkp flex items-center" href="https://www.walmart.com/account/api/ccpa-intake?native=false&amp;app=gm&amp;type=sod" link-identifier="Your Privacy Choices" rel="noopener noreferrer" target="_blank"><img alt="Privacy choices icon" class="mr1" height="14" loading="lazy" src="//i5.walmartimages.com/dfwrs/76316474-f70e/k2-_67001355-c576-4ca2-989d-260a2673c41a.v1.png" width="29"/>Your Privacy Choices</a></li><li><a aria-label="Notice at Collection - opens in a new window" class="f6 no-underline mb3 ma0-hdkp footer-link mr4-hdkp db" href="https://corporate.walmart.com/privacy-security/california-privacy-rights#what-are-the-categories-of-personal-information-collected" link-identifier="Notice at Collection" rel="noopener noreferrer" target="_blank">Notice at Collection</a></li><li><a class="f6 no-underline mb3 ma0-hdkp footer-link mr4-hdkp db" href="https://corporate.walmart.com/privacy-security/walmart-privacy-notice#interest-based-advertising" link-identifier="AdChoices">AdChoices</a></li><li><a class="f6 no-underline mb3 ma0-hdkp footer-link mr4-hdkp db" href="https://corporate.walmart.com/privacy-security/walmart-consumer-health-data-privacy-notices" link-identifier="Consumer Health Data Privacy Notices">Consumer Health Data Privacy Notices</a></li><li><a class="f6 no-underline mb3 ma0-hdkp footer-link mr4-hdkp db" href="https://www.walmart.com/brand/branddirectory" link-identifier="Brand Shop Directory">Brand Shop Directory</a></li><li><a class="f6 no-underline mb3 ma0-hdkp footer-link mr4-hdkp db" href="https://www.walmart.com/cp/pharmacy/5431?povid=HWS_GlobalFooter_Pharmacy" link-identifier="Pharmacy">Pharmacy</a></li><li><a class="f6 no-underline mb3 ma0-hdkp footer-link mr4-hdkp db" href="https://www.walmart.com/cp/walmart-business/7810722?povid=7810722_POV_WMTfooter" link-identifier="Walmart Business">Walmart Business</a></li><li><a class="f6 no-underline mb3 ma0-hdkp footer-link mr4-hdkp db" href="https://www.walmart.com/cp/walmart-in-the-know/7781927" link-identifier="#IYWYK">#IYWYK</a></li><li><a class="f6 no-underline mb3 ma0-hdkp footer-link db" href="https://www.walmart.com/account/login?vid=oaoh&amp;tid=0&amp;returnUrl=%2Faccount%2Fdelete-account" link-identifier="Delete Account">Delete Account</a></li></ul><div class="f7 lh-title mt6 pb5 ph3 pt1 tc-hdkp pa0-hdkp pt2-hdkp ma0-hdkp pb5-hdkp footer-copyright">© 2025 Walmart. All Rights Reserved.</div></section></footer></span> </div></div>, <div class="flex items-center justify-center dn-hdkp" style="transition:opacity .3s"><button aria-expanded="false" aria-hidden="false" aria-label="Menu" class="flex items-center b--none bg-transparent mr3 pa0 pointer h3 w3 no-underline white" data-testid="Menu" type="button"><i aria-hidden="true" class="ld ld-Menu" style="font-size: 1.5rem; vertical-align: -0.25em; width: 24px; height: 24px; box-sizing: content-box;"></i></button><a aria-hidden="false" aria-label="Walmart Homepage" class="gold h3 w3 dn-hdkp" data-automation-id="header-link-walmartLogo" href="/" link-identifier="walmartLogoMobile"><i aria-hidden="true" class="ld ld-Spark" style="font-size:2rem;vertical-align:-0.325em;width:2rem;height:2rem;box-sizing:content-box"></i></a></div>, <div class="white sticky z-3 gic-wrapper gic-wrapper-redesign-top" data-pcss-show="true" data-testid="gic-wrapper" id="gic-wrapper" style="min-height:41px"><hr aria-hidden="true" class="w_8Gn9 banner-divider redesign"/><div data-pcss-hide="true" data-testid="global-intent-center"><div class="flex center items-center f6" id="intent-banner-section" style="height: 52px;"><button aria-expanded="false" class="w_hhLG w_DZvO w_0_LY pa0 no-underline w-100 white hover-white" data-automation-id="fulfillment-banner" tabindex="0" type="button"><div class="flex items-center justify-between w-100"><img alt="" class="br-100 v-btm" height="32" loading="lazy" src="https://i5.walmartimages.com/dfw/4ff9c6c9-ad46/k2-_0a671c38-d307-447c-835e-7904ab143c26.v1.png" style="margin-right: 12px;" width="32"/><div class="items-center content-start items-start flex-auto flex-none-m tl" style="width: 232px;"><span><span class="lh-copy-ns pointer lh-copy fw7 f5"><span class="dn">How do you want your items?</span><span class="">How do you want your items?</span></span></span><div class="lh-title fw4"><div class="items-center fl"><div class="dn dn-m db">10460</div><div class="db-m dn db-m"><div class="flex items-center"><span class="mw-none-m" data-qm-mask="true">Bronx, 10460</span></div></div></div><div class="items-center"><div class="dn dn-m db">07047</div><div class="db-m dn db-m"><div class="flex items-center"><span class="ph1">•</span><span class="mw-none-m truncate">North Bergen Supercenter</span></div></div></div></div></div><div class="" style="width: 28px; height: 28px; border-color: rgb(230, 241, 252); border-radius: 24px; padding-top: 2px;"><i aria-hidden="true" class="ld ld-ChevronDown" style="font-size: 1rem; vertical-align: -0.175em; width: 16px; height: 16px; padding: 3px 0px; color: rgb(230, 241, 252); box-sizing: content-box;"></i></div></div></button></div><div class="" style="left: -32px; top: 16px;"><span class="w_iUH7"></span><section data-testid="global-intent-center-banner"><div aria-label="How do you want your items?" class="br3 br--bottom bg-primary dn pt4 pb3 pt4 ph4" role="dialog" style="line-height: normal;"><div data-focus-lock-disabled="false"><div data-no-autofocus="false"><ul class="flex justify-between bg-primary list ph6 mt0 mb3" style="gap: 20px;"><li class="relative" style="flex: 1 1 0%;"><button aria-label="Shipping" aria-pressed="false" class="flex flex-column items-center sans-serif bg-primary b--none pointer ph0 white" id="intent-id0" type="button"><div class="pa1"><img alt=" " aria-hidden="true" class="v-btm" height="50" loading="lazy" src="https://i5.walmartimages.com/dfw/4ff9c6c9-486e/k2-_4be6f532-b0b2-4480-bb65-d53586e87193.v1.png" width="50"/></div><div class="f6 mt2 b">Shipping</div></button></li><li class="relative" style="flex: 1 1 0%;"><button aria-label="Pickup" aria-pressed="false" class="flex flex-column items-center sans-serif bg-primary b--none pointer ph0 white" id="intent-id1" type="button"><div class="pa1"><img alt=" " aria-hidden="true" class="v-btm" height="50" loading="lazy" src="https://i5.walmartimages.com/dfw/4ff9c6c9-944a/k2-_333618e2-7327-4081-990e-7870dd062248.v1.png" width="50"/></div><div class="f6 mt2 b">Pickup</div></button></li><li class="relative" style="flex: 1 1 0%;"><button aria-label="Delivery" aria-pressed="false" class="flex flex-column items-center sans-serif bg-primary b--none pointer ph0 white" id="intent-id2" type="button"><div class="pa1"><img alt=" " aria-hidden="true" class="v-btm" height="50" loading="lazy" src="https://i5.walmartimages.com/dfw/4ff9c6c9-4637/k2-_c8d39665-dac4-474a-9fb7-ab5feeb647b5.v1.png" width="50"/></div><div class="f6 mt2 b">Delivery</div></button></li></ul><div class=""><div class=""><div class="shadow-1 br3"><div class="bg-white black br3 pa3 mb2"><div class="flex flex-column items-stretch" data-automation-id="fulfillment-address"><div class="bw0 dark-gray sans-serif flex flex-row justify-center items-stretch flex-auto tl ph0"><div class="flex flex-column flex-auto justify-center"><div class="flex"><div class="flex-none"><div class="flex items-center"><img alt="" height="16" loading="lazy" src="https://i5.walmartimages.com/dfw/4ff9c6c9-5249/k2-_71d3c250-050a-40b0-8fd7-c84c1df83204.v1.png" width="16"/></div></div><div class="flex items-start justify-center flex-column ml2"><div class="w_kV33 w_LD4J w_mvVb db lh-title mb1"><div class="f7">Add an address for shipping and delivery</div></div><div class="w_U9_0 w_U0S3 w_QcqU db lh-title"><div class="f7" data-qm-mask="true"> Bronx, NY 10460</div></div></div></div><div class="f7 flex items-center"><button class="w_hhLG w_8nsR w_0_LY pa1 w-100 mt2" type="button">Add address</button></div></div></div></div></div></div><div class="shadow-1 br3"><div class="bg-white black br3 pa3 mb2"><div class="flex flex-column items-stretch" data-automation-id="fulfillment-address"><button class="bw0 dark-gray sans-serif flex flex-row justify-center items-stretch flex-auto tl ph0 pointer bg-white-90"><div class="flex flex-column flex-auto justify-center"><div class="flex"><div class="flex-none"><div class="flex items-center"><img alt="" height="16" loading="lazy" src="https://i5.walmartimages.com/dfw/4ff9c6c9-14f0/k2-_8ce34043-6050-4f39-afb2-3e76a554f8a3.v1.png" width="16"/></div></div><div class="flex items-start justify-center flex-column ml2"><div class="w_kV33 w_LD4J w_mvVb db lh-title mb1"><div class="f7">North Bergen Supercenter</div></div><div class="w_U9_0 w_U0S3 w_QcqU db lh-title"><div class="f7">2100 88TH ST, North Bergen, NJ 07047</div></div></div></div><div class="f7 flex items-center"></div></div><div class="flex items-center"><i aria-hidden="true" class="ld ld-ChevronRight" style="font-size: 1.5rem; vertical-align: -0.25em; width: 1.5rem; height: 1.5rem; box-sizing: content-box;"></i></div></button></div></div></div></div></div><button aria-label="Close, how do you want your items?" class="slider skip-main bg-primary bg-transparent bn lh-solid pa0 tc underline inline-button pointer right-0 skip-btn" type="button"><i aria-hidden="true" class="ld ld-CloseCircleFill white" style="font-size: 1.5rem; vertical-align: -0.25em; width: 1.5rem; height: 1.5rem; box-sizing: content-box;"></i></button><hr aria-hidden="true" class="w_8Gn9 br4 dn-m mt4 mb2 bg-white" style="width: 135px; height: 4px; margin-left: auto; margin-right: auto;"/><div class="dn"></div></div></div></div></section></div><span aria-hidden="true" class="w_iUH7"><div class="flex items-center"><span class="mw-none-m" data-qm-mask="true">Bronx, 10460</span></div><div class="flex items-center"><span class="ph1">•</span><span class="mw-none-m truncate">North Bergen Supercenter</span></div></span><div class="dn" data-testid="gic-dim-body" style="top: 84px;"></div></div></div>, <div data-pcss-hide="true" data-testid="global-intent-center"><div class="flex center items-center f6" id="intent-banner-section" style="height: 52px;"><button aria-expanded="false" class="w_hhLG w_DZvO w_0_LY pa0 no-underline w-100 white hover-white" data-automation-id="fulfillment-banner" tabindex="0" type="button"><div class="flex items-center justify-between w-100"><img alt="" class="br-100 v-btm" height="32" loading="lazy" src="https://i5.walmartimages.com/dfw/4ff9c6c9-ad46/k2-_0a671c38-d307-447c-835e-7904ab143c26.v1.png" style="margin-right: 12px;" width="32"/><div class="items-center content-start items-start flex-auto flex-none-m tl" style="width: 232px;"><span><span class="lh-copy-ns pointer lh-copy fw7 f5"><span class="dn">How do you want your items?</span><span class="">How do you want your items?</span></span></span><div class="lh-title fw4"><div class="items-center fl"><div class="dn dn-m db">10460</div><div class="db-m dn db-m"><div class="flex items-center"><span class="mw-none-m" data-qm-mask="true">Bronx, 10460</span></div></div></div><div class="items-center"><div class="dn dn-m db">07047</div><div class="db-m dn db-m"><div class="flex items-center"><span class="ph1">•</span><span class="mw-none-m truncate">North Bergen Supercenter</span></div></div></div></div></div><div class="" style="width: 28px; height: 28px; border-color: rgb(230, 241, 252); border-radius: 24px; padding-top: 2px;"><i aria-hidden="true" class="ld ld-ChevronDown" style="font-size: 1rem; vertical-align: -0.175em; width: 16px; height: 16px; padding: 3px 0px; color: rgb(230, 241, 252); box-sizing: content-box;"></i></div></div></button></div><div class="" style="left: -32px; top: 16px;"><span class="w_iUH7"></span><section data-testid="global-intent-center-banner"><div aria-label="How do you want your items?" class="br3 br--bottom bg-primary dn pt4 pb3 pt4 ph4" role="dialog" style="line-height: normal;"><div data-focus-lock-disabled="false"><div data-no-autofocus="false"><ul class="flex justify-between bg-primary list ph6 mt0 mb3" style="gap: 20px;"><li class="relative" style="flex: 1 1 0%;"><button aria-label="Shipping" aria-pressed="false" class="flex flex-column items-center sans-serif bg-primary b--none pointer ph0 white" id="intent-id0" type="button"><div class="pa1"><img alt=" " aria-hidden="true" class="v-btm" height="50" loading="lazy" src="https://i5.walmartimages.com/dfw/4ff9c6c9-486e/k2-_4be6f532-b0b2-4480-bb65-d53586e87193.v1.png" width="50"/></div><div class="f6 mt2 b">Shipping</div></button></li><li class="relative" style="flex: 1 1 0%;"><button aria-label="Pickup" aria-pressed="false" class="flex flex-column items-center sans-serif bg-primary b--none pointer ph0 white" id="intent-id1" type="button"><div class="pa1"><img alt=" " aria-hidden="true" class="v-btm" height="50" loading="lazy" src="https://i5.walmartimages.com/dfw/4ff9c6c9-944a/k2-_333618e2-7327-4081-990e-7870dd062248.v1.png" width="50"/></div><div class="f6 mt2 b">Pickup</div></button></li><li class="relative" style="flex: 1 1 0%;"><button aria-label="Delivery" aria-pressed="false" class="flex flex-column items-center sans-serif bg-primary b--none pointer ph0 white" id="intent-id2" type="button"><div class="pa1"><img alt=" " aria-hidden="true" class="v-btm" height="50" loading="lazy" src="https://i5.walmartimages.com/dfw/4ff9c6c9-4637/k2-_c8d39665-dac4-474a-9fb7-ab5feeb647b5.v1.png" width="50"/></div><div class="f6 mt2 b">Delivery</div></button></li></ul><div class=""><div class=""><div class="shadow-1 br3"><div class="bg-white black br3 pa3 mb2"><div class="flex flex-column items-stretch" data-automation-id="fulfillment-address"><div class="bw0 dark-gray sans-serif flex flex-row justify-center items-stretch flex-auto tl ph0"><div class="flex flex-column flex-auto justify-center"><div class="flex"><div class="flex-none"><div class="flex items-center"><img alt="" height="16" loading="lazy" src="https://i5.walmartimages.com/dfw/4ff9c6c9-5249/k2-_71d3c250-050a-40b0-8fd7-c84c1df83204.v1.png" width="16"/></div></div><div class="flex items-start justify-center flex-column ml2"><div class="w_kV33 w_LD4J w_mvVb db lh-title mb1"><div class="f7">Add an address for shipping and delivery</div></div><div class="w_U9_0 w_U0S3 w_QcqU db lh-title"><div class="f7" data-qm-mask="true"> Bronx, NY 10460</div></div></div></div><div class="f7 flex items-center"><button class="w_hhLG w_8nsR w_0_LY pa1 w-100 mt2" type="button">Add address</button></div></div></div></div></div></div><div class="shadow-1 br3"><div class="bg-white black br3 pa3 mb2"><div class="flex flex-column items-stretch" data-automation-id="fulfillment-address"><button class="bw0 dark-gray sans-serif flex flex-row justify-center items-stretch flex-auto tl ph0 pointer bg-white-90"><div class="flex flex-column flex-auto justify-center"><div class="flex"><div class="flex-none"><div class="flex items-center"><img alt="" height="16" loading="lazy" src="https://i5.walmartimages.com/dfw/4ff9c6c9-14f0/k2-_8ce34043-6050-4f39-afb2-3e76a554f8a3.v1.png" width="16"/></div></div><div class="flex items-start justify-center flex-column ml2"><div class="w_kV33 w_LD4J w_mvVb db lh-title mb1"><div class="f7">North Bergen Supercenter</div></div><div class="w_U9_0 w_U0S3 w_QcqU db lh-title"><div class="f7">2100 88TH ST, North Bergen, NJ 07047</div></div></div></div><div class="f7 flex items-center"></div></div><div class="flex items-center"><i aria-hidden="true" class="ld ld-ChevronRight" style="font-size: 1.5rem; vertical-align: -0.25em; width: 1.5rem; height: 1.5rem; box-sizing: content-box;"></i></div></button></div></div></div></div></div><button aria-label="Close, how do you want your items?" class="slider skip-main bg-primary bg-transparent bn lh-solid pa0 tc underline inline-button pointer right-0 skip-btn" type="button"><i aria-hidden="true" class="ld ld-CloseCircleFill white" style="font-size: 1.5rem; vertical-align: -0.25em; width: 1.5rem; height: 1.5rem; box-sizing: content-box;"></i></button><hr aria-hidden="true" class="w_8Gn9 br4 dn-m mt4 mb2 bg-white" style="width: 135px; height: 4px; margin-left: auto; margin-right: auto;"/><div class="dn"></div></div></div></div></section></div><span aria-hidden="true" class="w_iUH7"><div class="flex items-center"><span class="mw-none-m" data-qm-mask="true">Bronx, 10460</span></div><div class="flex items-center"><span class="ph1">•</span><span class="mw-none-m truncate">North Bergen Supercenter</span></div></span><div class="dn" data-testid="gic-dim-body" style="top: 84px;"></div></div>, <div class="flex center items-center f6" id="intent-banner-section" style="height: 52px;"><button aria-expanded="false" class="w_hhLG w_DZvO w_0_LY pa0 no-underline w-100 white hover-white" data-automation-id="fulfillment-banner" tabindex="0" type="button"><div class="flex items-center justify-between w-100"><img alt="" class="br-100 v-btm" height="32" loading="lazy" src="https://i5.walmartimages.com/dfw/4ff9c6c9-ad46/k2-_0a671c38-d307-447c-835e-7904ab143c26.v1.png" style="margin-right: 12px;" width="32"/><div class="items-center content-start items-start flex-auto flex-none-m tl" style="width: 232px;"><span><span class="lh-copy-ns pointer lh-copy fw7 f5"><span class="dn">How do you want your items?</span><span class="">How do you want your items?</span></span></span><div class="lh-title fw4"><div class="items-center fl"><div class="dn dn-m db">10460</div><div class="db-m dn db-m"><div class="flex items-center"><span class="mw-none-m" data-qm-mask="true">Bronx, 10460</span></div></div></div><div class="items-center"><div class="dn dn-m db">07047</div><div class="db-m dn db-m"><div class="flex items-center"><span class="ph1">•</span><span class="mw-none-m truncate">North Bergen Supercenter</span></div></div></div></div></div><div class="" style="width: 28px; height: 28px; border-color: rgb(230, 241, 252); border-radius: 24px; padding-top: 2px;"><i aria-hidden="true" class="ld ld-ChevronDown" style="font-size: 1rem; vertical-align: -0.175em; width: 16px; height: 16px; padding: 3px 0px; color: rgb(230, 241, 252); box-sizing: content-box;"></i></div></div></button></div>, <div class="flex items-center justify-between w-100"><img alt="" class="br-100 v-btm" height="32" loading="lazy" src="https://i5.walmartimages.com/dfw/4ff9c6c9-ad46/k2-_0a671c38-d307-447c-835e-7904ab143c26.v1.png" style="margin-right: 12px;" width="32"/><div class="items-center content-start items-start flex-auto flex-none-m tl" style="width: 232px;"><span><span class="lh-copy-ns pointer lh-copy fw7 f5"><span class="dn">How do you want your items?</span><span class="">How do you want your items?</span></span></span><div class="lh-title fw4"><div class="items-center fl"><div class="dn dn-m db">10460</div><div class="db-m dn db-m"><div class="flex items-center"><span class="mw-none-m" data-qm-mask="true">Bronx, 10460</span></div></div></div><div class="items-center"><div class="dn dn-m db">07047</div><div class="db-m dn db-m"><div class="flex items-center"><span class="ph1">•</span><span class="mw-none-m truncate">North Bergen Supercenter</span></div></div></div></div></div><div class="" style="width: 28px; height: 28px; border-color: rgb(230, 241, 252); border-radius: 24px; padding-top: 2px;"><i aria-hidden="true" class="ld ld-ChevronDown" style="font-size: 1rem; vertical-align: -0.175em; width: 16px; height: 16px; padding: 3px 0px; color: rgb(230, 241, 252); box-sizing: content-box;"></i></div></div>, <div class="items-center content-start items-start flex-auto flex-none-m tl" style="width: 232px;"><span><span class="lh-copy-ns pointer lh-copy fw7 f5"><span class="dn">How do you want your items?</span><span class="">How do you want your items?</span></span></span><div class="lh-title fw4"><div class="items-center fl"><div class="dn dn-m db">10460</div><div class="db-m dn db-m"><div class="flex items-center"><span class="mw-none-m" data-qm-mask="true">Bronx, 10460</span></div></div></div><div class="items-center"><div class="dn dn-m db">07047</div><div class="db-m dn db-m"><div class="flex items-center"><span class="ph1">•</span><span class="mw-none-m truncate">North Bergen Supercenter</span></div></div></div></div></div>, <div class="lh-title fw4"><div class="items-center fl"><div class="dn dn-m db">10460</div><div class="db-m dn db-m"><div class="flex items-center"><span class="mw-none-m" data-qm-mask="true">Bronx, 10460</span></div></div></div><div class="items-center"><div class="dn dn-m db">07047</div><div class="db-m dn db-m"><div class="flex items-center"><span class="ph1">•</span><span class="mw-none-m truncate">North Bergen Supercenter</span></div></div></div></div>, <div class="items-center fl"><div class="dn dn-m db">10460</div><div class="db-m dn db-m"><div class="flex items-center"><span class="mw-none-m" data-qm-mask="true">Bronx, 10460</span></div></div></div>]